{
  "supplier": {
    "id": "BALD001",
    "name": "Baldor Specialty Foods",
    "code": "baldor"
  },
  "processing_date": "2025-06-25T12:36:12.975437",
  "total_products": 919,
  "products": [
    {
      "sku": "BALDOR_PE64A",
      "supplier_sku": "PE64A",
      "name": "TRI-COLOR BELL PEPPERS",
      "category": "Produce/Vegetables/Peppers",
      "brand": "Baldor",
      "supplier_id": "BALD001",
      "supplier_name": "Baldor Specialty Foods",
      "unit_size": "8 X 3CT CTN",
      "unit_type": "case",
      "wholesale_price": 28.5,
      "retail_price": 28.5,
      "retail_unit_type": "each",
      "retail_unit_size": "1",
      "retail_pack_size": "1",
      "retail_price_per_unit": 9.5,
      "retail_display": "$9.50/each",
      "is_organic": false,
      "is_gluten_free": true,
      "is_vegan": true,
      "is_kosher": false,
      "is_non_gmo": false,
      "is_local": false,
      "is_imported": false,
      "search_terms": [
        "vegetables",
        "tri",
        "color",
        "produce",
        "bell",
        "peppers"
      ],
      "upc": null,
      "processed_at": "2025-06-25T12:36:12.967448"
    },
    {
      "sku": "BALDOR_BE9AB",
      "supplier_sku": "BE9AB",
      "name": "GOOSEBERRIES",
      "category": "Produce/Other",
      "brand": "Baldor",
      "supplier_id": "BALD001",
      "supplier_name": "Baldor Specialty Foods",
      "unit_size": "12X4.4 OZ CTN",
      "unit_type": "case",
      "wholesale_price": 28.0,
      "retail_price": 28.0,
      "retail_unit_type": "oz",
      "retail_unit_size": "1",
      "retail_pack_size": "1",
      "retail_price_per_unit": 6.36,
      "retail_display": "$6.36/oz",
      "is_organic": false,
      "is_gluten_free": true,
      "is_vegan": true,
      "is_kosher": false,
      "is_non_gmo": false,
      "is_local": false,
      "is_imported": false,
      "search_terms": [
        "gooseberries",
        "produce",
        "other"
      ],
      "upc": null,
      "processed_at": "2025-06-25T12:36:12.967475"
    },
    {
      "sku": "BALDOR_SQ93E5",
      "supplier_sku": "SQ93E5",
      "name": "SQUASH BUTTERNUT CHUNKS",
      "category": "Produce/Other",
      "brand": "Baldor",
      "supplier_id": "BALD001",
      "supplier_name": "Baldor Specialty Foods",
      "unit_size": "6 X 18 OZ CTN",
      "unit_type": "case",
      "wholesale_price": 27.0,
      "retail_price": 27.0,
      "retail_unit_type": "oz",
      "retail_unit_size": "1",
      "retail_pack_size": "1",
      "retail_price_per_unit": 1.5,
      "retail_display": "$1.50/oz",
      "is_organic": false,
      "is_gluten_free": true,
      "is_vegan": true,
      "is_kosher": false,
      "is_non_gmo": false,
      "is_local": false,
      "is_imported": false,
      "search_terms": [
        "other",
        "butternut",
        "produce",
        "squash",
        "chunks"
      ],
      "upc": null,
      "processed_at": "2025-06-25T12:36:12.967487"
    },
    {
      "sku": "BALDOR_URBV01",
      "supplier_sku": "URBV01",
      "name": "PEAS ENGLISH SHELLED 6X10 OZ UR",
      "category": "Produce/Vegetables/Peas",
      "brand": "Baldor",
      "supplier_id": "BALD001",
      "supplier_name": "Baldor Specialty Foods",
      "unit_size": "6 X 10 OZ CTN",
      "unit_type": "case",
      "wholesale_price": 16.0,
      "retail_price": 16.0,
      "retail_unit_type": "oz",
      "retail_unit_size": "1",
      "retail_pack_size": "1",
      "retail_price_per_unit": 1.6,
      "retail_display": "$1.60/oz",
      "is_organic": false,
      "is_gluten_free": true,
      "is_vegan": true,
      "is_kosher": false,
      "is_non_gmo": false,
      "is_local": false,
      "is_imported": false,
      "search_terms": [
        "peas",
        "6x10",
        "vegetables",
        "english",
        "shelled",
        "produce"
      ],
      "upc": null,
      "processed_at": "2025-06-25T12:36:12.967500"
    },
    {
      "sku": "BALDOR_URPOT1",
      "supplier_sku": "URPOT1",
      "name": "POTATOES RED CREAMERS PEE WEE C 12X24 OZ UR",
      "category": "Produce/Vegetables/Potatoes",
      "brand": "Baldor",
      "supplier_id": "BALD001",
      "supplier_name": "Baldor Specialty Foods",
      "unit_size": "12 X 24 OZ CTN",
      "unit_type": "case",
      "wholesale_price": 34.0,
      "retail_price": 34.0,
      "retail_unit_type": "oz",
      "retail_unit_size": "1",
      "retail_pack_size": "1",
      "retail_price_per_unit": 1.42,
      "retail_display": "$1.42/oz",
      "is_organic": false,
      "is_gluten_free": true,
      "is_vegan": true,
      "is_kosher": false,
      "is_non_gmo": false,
      "is_local": false,
      "is_imported": false,
      "search_terms": [
        "12x24",
        "wee",
        "vegetables",
        "red",
        "produce",
        "potatoes",
        "creamers",
        "pee"
      ],
      "upc": null,
      "processed_at": "2025-06-25T12:36:12.967513"
    },
    {
      "sku": "BALDOR_URBV02",
      "supplier_sku": "URBV02",
      "name": "PEAS SNAP STRINGLESS 6X8 OZ UR",
      "category": "Produce/Vegetables/Peas",
      "brand": "Baldor",
      "supplier_id": "BALD001",
      "supplier_name": "Baldor Specialty Foods",
      "unit_size": "6 X 8 OZ CTN",
      "unit_type": "case",
      "wholesale_price": 13.25,
      "retail_price": 13.25,
      "retail_unit_type": "oz",
      "retail_unit_size": "1",
      "retail_pack_size": "1",
      "retail_price_per_unit": 1.66,
      "retail_display": "$1.66/oz",
      "is_organic": false,
      "is_gluten_free": true,
      "is_vegan": true,
      "is_kosher": false,
      "is_non_gmo": false,
      "is_local": false,
      "is_imported": false,
      "search_terms": [
        "peas",
        "vegetables",
        "stringless",
        "produce",
        "6x8",
        "snap"
      ],
      "upc": null,
      "processed_at": "2025-06-25T12:36:12.967523"
    },
    {
      "sku": "BALDOR_URPOT11",
      "supplier_sku": "URPOT11",
      "name": "POTATOES RED MARBLE MINI 24X16 OZ UR",
      "category": "Produce/Vegetables/Potatoes",
      "brand": "Baldor",
      "supplier_id": "BALD001",
      "supplier_name": "Baldor Specialty Foods",
      "unit_size": "12 X 16 OZ CTN",
      "unit_type": "case",
      "wholesale_price": 64.0,
      "retail_price": 64.0,
      "retail_unit_type": "oz",
      "retail_unit_size": "1",
      "retail_pack_size": "1",
      "retail_price_per_unit": 4.0,
      "retail_display": "$4.00/oz",
      "is_organic": false,
      "is_gluten_free": true,
      "is_vegan": true,
      "is_kosher": false,
      "is_non_gmo": false,
      "is_local": false,
      "is_imported": false,
      "search_terms": [
        "24x16",
        "vegetables",
        "marble",
        "red",
        "produce",
        "potatoes",
        "mini"
      ],
      "upc": null,
      "processed_at": "2025-06-25T12:36:12.967532"
    },
    {
      "sku": "BALDOR_URBV03",
      "supplier_sku": "URBV03",
      "name": "ZUCCHINI BABY 6X8 OZ UR",
      "category": "Produce/Other",
      "brand": "Baldor",
      "supplier_id": "BALD001",
      "supplier_name": "Baldor Specialty Foods",
      "unit_size": "6 X 8 OZ CTN",
      "unit_type": "case",
      "wholesale_price": 13.25,
      "retail_price": 13.25,
      "retail_unit_type": "oz",
      "retail_unit_size": "1",
      "retail_pack_size": "1",
      "retail_price_per_unit": 1.66,
      "retail_display": "$1.66/oz",
      "is_organic": false,
      "is_gluten_free": true,
      "is_vegan": true,
      "is_kosher": false,
      "is_non_gmo": false,
      "is_local": false,
      "is_imported": false,
      "search_terms": [
        "baby",
        "other",
        "produce",
        "6x8",
        "zucchini"
      ],
      "upc": null,
      "processed_at": "2025-06-25T12:36:12.967548"
    },
    {
      "sku": "BALDOR_URPOT14",
      "supplier_sku": "URPOT14",
      "name": "POTATOES CONFETTI MARBLE MINI 24X16 OZ UR",
      "category": "Produce/Vegetables/Potatoes",
      "brand": "Baldor",
      "supplier_id": "BALD001",
      "supplier_name": "Baldor Specialty Foods",
      "unit_size": "12 X 16 OZ CTN",
      "unit_type": "case",
      "wholesale_price": 64.0,
      "retail_price": 64.0,
      "retail_unit_type": "oz",
      "retail_unit_size": "1",
      "retail_pack_size": "1",
      "retail_price_per_unit": 4.0,
      "retail_display": "$4.00/oz",
      "is_organic": false,
      "is_gluten_free": true,
      "is_vegan": true,
      "is_kosher": false,
      "is_non_gmo": false,
      "is_local": false,
      "is_imported": false,
      "search_terms": [
        "24x16",
        "vegetables",
        "marble",
        "confetti",
        "produce",
        "potatoes",
        "mini"
      ],
      "upc": null,
      "processed_at": "2025-06-25T12:36:12.967558"
    },
    {
      "sku": "BALDOR_URBV04",
      "supplier_sku": "URBV04",
      "name": "CORN BABY HUSKED 6X8 OZ UR",
      "category": "Produce/Other",
      "brand": "Baldor",
      "supplier_id": "BALD001",
      "supplier_name": "Baldor Specialty Foods",
      "unit_size": "6 X 8 OZ CTN",
      "unit_type": "case",
      "wholesale_price": 13.25,
      "retail_price": 13.25,
      "retail_unit_type": "oz",
      "retail_unit_size": "1",
      "retail_pack_size": "1",
      "retail_price_per_unit": 1.66,
      "retail_display": "$1.66/oz",
      "is_organic": false,
      "is_gluten_free": true,
      "is_vegan": true,
      "is_kosher": false,
      "is_non_gmo": false,
      "is_local": false,
      "is_imported": false,
      "search_terms": [
        "baby",
        "corn",
        "other",
        "husked",
        "produce",
        "6x8"
      ],
      "upc": null,
      "processed_at": "2025-06-25T12:36:12.967567"
    },
    {
      "sku": "BALDOR_URPOT2",
      "supplier_sku": "URPOT2",
      "name": "POTATOES GOLD CREAMERS PEE WEE C 12X24 OZ UR",
      "category": "Produce/Vegetables/Potatoes",
      "brand": "Baldor",
      "supplier_id": "BALD001",
      "supplier_name": "Baldor Specialty Foods",
      "unit_size": "12 X 24 OZ CTN",
      "unit_type": "case",
      "wholesale_price": 34.0,
      "retail_price": 34.0,
      "retail_unit_type": "oz",
      "retail_unit_size": "1",
      "retail_pack_size": "1",
      "retail_price_per_unit": 1.42,
      "retail_display": "$1.42/oz",
      "is_organic": false,
      "is_gluten_free": true,
      "is_vegan": true,
      "is_kosher": false,
      "is_non_gmo": false,
      "is_local": false,
      "is_imported": false,
      "search_terms": [
        "12x24",
        "wee",
        "vegetables",
        "produce",
        "gold",
        "potatoes",
        "creamers",
        "pee"
      ],
      "upc": null,
      "processed_at": "2025-06-25T12:36:12.967576"
    },
    {
      "sku": "BALDOR_URBV05",
      "supplier_sku": "URBV05",
      "name": "CARROT BABY MULTI-COLORED PEELED 6X8 OZ UR",
      "category": "Produce/Vegetables/Root Vegetables",
      "brand": "Baldor",
      "supplier_id": "BALD001",
      "supplier_name": "Baldor Specialty Foods",
      "unit_size": "6 X 8 OZ CTN",
      "unit_type": "case",
      "wholesale_price": 13.25,
      "retail_price": 13.25,
      "retail_unit_type": "oz",
      "retail_unit_size": "1",
      "retail_pack_size": "1",
      "retail_price_per_unit": 1.66,
      "retail_display": "$1.66/oz",
      "is_organic": false,
      "is_gluten_free": true,
      "is_vegan": true,
      "is_kosher": false,
      "is_non_gmo": false,
      "is_local": false,
      "is_imported": false,
      "search_terms": [
        "root vegetables",
        "peeled",
        "baby",
        "vegetables",
        "colored",
        "produce",
        "multi",
        "6x8",
        "carrot"
      ],
      "upc": null,
      "processed_at": "2025-06-25T12:36:12.967585"
    },
    {
      "sku": "BALDOR_URPOT22",
      "supplier_sku": "URPOT22",
      "name": "POTATOES FINGERLING 12X28 OZ UR",
      "category": "Produce/Vegetables/Potatoes",
      "brand": "Baldor",
      "supplier_id": "BALD001",
      "supplier_name": "Baldor Specialty Foods",
      "unit_size": "12 X 28 OZ CTN",
      "unit_type": "case",
      "wholesale_price": 34.0,
      "retail_price": 34.0,
      "retail_unit_type": "oz",
      "retail_unit_size": "1",
      "retail_pack_size": "1",
      "retail_price_per_unit": 1.21,
      "retail_display": "$1.21/oz",
      "is_organic": false,
      "is_gluten_free": true,
      "is_vegan": true,
      "is_kosher": false,
      "is_non_gmo": false,
      "is_local": false,
      "is_imported": false,
      "search_terms": [
        "vegetables",
        "produce",
        "potatoes",
        "12x28",
        "fingerling"
      ],
      "upc": null,
      "processed_at": "2025-06-25T12:36:12.967593"
    },
    {
      "sku": "BALDOR_URBV06",
      "supplier_sku": "URBV06",
      "name": "PEAS SNOW STRINGLESS 6X8 OZ UR",
      "category": "Produce/Vegetables/Peas",
      "brand": "Baldor",
      "supplier_id": "BALD001",
      "supplier_name": "Baldor Specialty Foods",
      "unit_size": "6 X 8 OZ CTN",
      "unit_type": "case",
      "wholesale_price": 13.25,
      "retail_price": 13.25,
      "retail_unit_type": "oz",
      "retail_unit_size": "1",
      "retail_pack_size": "1",
      "retail_price_per_unit": 1.66,
      "retail_display": "$1.66/oz",
      "is_organic": false,
      "is_gluten_free": true,
      "is_vegan": true,
      "is_kosher": false,
      "is_non_gmo": false,
      "is_local": false,
      "is_imported": false,
      "search_terms": [
        "peas",
        "vegetables",
        "stringless",
        "produce",
        "6x8",
        "snow"
      ],
      "upc": null,
      "processed_at": "2025-06-25T12:36:12.967602"
    },
    {
      "sku": "BALDOR_VEG17E",
      "supplier_sku": "VEG17E",
      "name": "ZUCCHINI NOODLES",
      "category": "Produce/Other",
      "brand": "Baldor",
      "supplier_id": "BALD001",
      "supplier_name": "Baldor Specialty Foods",
      "unit_size": "6 X 16 OZ CTN",
      "unit_type": "case",
      "wholesale_price": 22.0,
      "retail_price": 22.0,
      "retail_unit_type": "oz",
      "retail_unit_size": "1",
      "retail_pack_size": "1",
      "retail_price_per_unit": 1.38,
      "retail_display": "$1.38/oz",
      "is_organic": false,
      "is_gluten_free": true,
      "is_vegan": true,
      "is_kosher": false,
      "is_non_gmo": false,
      "is_local": false,
      "is_imported": false,
      "search_terms": [
        "zucchini",
        "noodles",
        "produce",
        "other"
      ],
      "upc": null,
      "processed_at": "2025-06-25T12:36:12.967611"
    },
    {
      "sku": "BALDOR_URBV08",
      "supplier_sku": "URBV08",
      "name": "CAULIFLORINI 6X12 OZ GUATEMALA UR",
      "category": "Produce/Other",
      "brand": "Baldor",
      "supplier_id": "BALD001",
      "supplier_name": "Baldor Specialty Foods",
      "unit_size": "6 X 12 OZ CTN",
      "unit_type": "case",
      "wholesale_price": 13.25,
      "retail_price": 13.25,
      "retail_unit_type": "oz",
      "retail_unit_size": "1",
      "retail_pack_size": "1",
      "retail_price_per_unit": 1.1,
      "retail_display": "$1.10/oz",
      "is_organic": false,
      "is_gluten_free": true,
      "is_vegan": true,
      "is_kosher": false,
      "is_non_gmo": false,
      "is_local": false,
      "is_imported": false,
      "search_terms": [
        "cauliflorini",
        "other",
        "guatemala",
        "produce",
        "6x12"
      ],
      "upc": null,
      "processed_at": "2025-06-25T12:36:12.967620"
    },
    {
      "sku": "BALDOR_VEG2G6",
      "supplier_sku": "VEG2G6",
      "name": "BRUSSEL SPROUTS SHREDDED",
      "category": "Produce/Other",
      "brand": "Baldor",
      "supplier_id": "BALD001",
      "supplier_name": "Baldor Specialty Foods",
      "unit_size": "6 X 12 OZ CTN",
      "unit_type": "case",
      "wholesale_price": 25.0,
      "retail_price": 25.0,
      "retail_unit_type": "oz",
      "retail_unit_size": "1",
      "retail_pack_size": "1",
      "retail_price_per_unit": 2.08,
      "retail_display": "$2.08/oz",
      "is_organic": false,
      "is_gluten_free": true,
      "is_vegan": true,
      "is_kosher": false,
      "is_non_gmo": false,
      "is_local": false,
      "is_imported": false,
      "search_terms": [
        "brussel",
        "other",
        "shredded",
        "produce",
        "sprouts"
      ],
      "upc": null,
      "processed_at": "2025-06-25T12:36:12.967632"
    },
    {
      "sku": "BALDOR_FRU02C1",
      "supplier_sku": "FRU02C1",
      "name": "FRUIT SALAD",
      "category": "Produce/Other",
      "brand": "Baldor",
      "supplier_id": "BALD001",
      "supplier_name": "Baldor Specialty Foods",
      "unit_size": "6 X 10 OZ CTN",
      "unit_type": "case",
      "wholesale_price": 25.0,
      "retail_price": 25.0,
      "retail_unit_type": "oz",
      "retail_unit_size": "1",
      "retail_pack_size": "1",
      "retail_price_per_unit": 2.5,
      "retail_display": "$2.50/oz",
      "is_organic": false,
      "is_gluten_free": true,
      "is_vegan": true,
      "is_kosher": false,
      "is_non_gmo": false,
      "is_local": false,
      "is_imported": false,
      "search_terms": [
        "salad",
        "fruit",
        "produce",
        "other"
      ],
      "upc": null,
      "processed_at": "2025-06-25T12:36:12.967639"
    },
    {
      "sku": "BALDOR_VEG2H6",
      "supplier_sku": "VEG2H6",
      "name": "CLEANED & HALVED BRUSSEL SPROUTS",
      "category": "Produce/Other",
      "brand": "Baldor",
      "supplier_id": "BALD001",
      "supplier_name": "Baldor Specialty Foods",
      "unit_size": "6 X 12 OZ CTN",
      "unit_type": "case",
      "wholesale_price": 38.0,
      "retail_price": 38.0,
      "retail_unit_type": "oz",
      "retail_unit_size": "1",
      "retail_pack_size": "1",
      "retail_price_per_unit": 3.17,
      "retail_display": "$3.17/oz",
      "is_organic": false,
      "is_gluten_free": true,
      "is_vegan": true,
      "is_kosher": false,
      "is_non_gmo": false,
      "is_local": false,
      "is_imported": false,
      "search_terms": [
        "brussel",
        "cleaned",
        "other",
        "halved",
        "produce",
        "sprouts"
      ],
      "upc": null,
      "processed_at": "2025-06-25T12:36:12.967648"
    },
    {
      "sku": "BALDOR_FRU05D1",
      "supplier_sku": "FRU05D1",
      "name": "PINEAPPLE CHUNKS",
      "category": "Produce/Fruit/Apples",
      "brand": "Baldor",
      "supplier_id": "BALD001",
      "supplier_name": "Baldor Specialty Foods",
      "unit_size": "6 X 10 OZ CTN",
      "unit_type": "case",
      "wholesale_price": 20.0,
      "retail_price": 20.0,
      "retail_unit_type": "oz",
      "retail_unit_size": "1",
      "retail_pack_size": "1",
      "retail_price_per_unit": 2.0,
      "retail_display": "$2.00/oz",
      "is_organic": false,
      "is_gluten_free": true,
      "is_vegan": true,
      "is_kosher": false,
      "is_non_gmo": false,
      "is_local": false,
      "is_imported": false,
      "search_terms": [
        "fruit",
        "apples",
        "produce",
        "chunks",
        "pineapple"
      ],
      "upc": null,
      "processed_at": "2025-06-25T12:36:12.967656"
    },
    {
      "sku": "BALDOR_SALSA2",
      "supplier_sku": "SALSA2",
      "name": "SALSA VERDE 12X10 OZ UR",
      "category": "Produce/Other",
      "brand": "Baldor",
      "supplier_id": "BALD001",
      "supplier_name": "Baldor Specialty Foods",
      "unit_size": "12 X 12 OZ CTN",
      "unit_type": "case",
      "wholesale_price": 38.0,
      "retail_price": 38.0,
      "retail_unit_type": "oz",
      "retail_unit_size": "1",
      "retail_pack_size": "1",
      "retail_price_per_unit": 3.17,
      "retail_display": "$3.17/oz",
      "is_organic": false,
      "is_gluten_free": true,
      "is_vegan": true,
      "is_kosher": false,
      "is_non_gmo": false,
      "is_local": false,
      "is_imported": false,
      "search_terms": [
        "12x10",
        "salsa",
        "other",
        "produce",
        "verde"
      ],
      "upc": null,
      "processed_at": "2025-06-25T12:36:12.967664"
    },
    {
      "sku": "BALDOR_FRU05E1",
      "supplier_sku": "FRU05E1",
      "name": "CANTALOUPE CHUNKS",
      "category": "Produce/Other",
      "brand": "Baldor",
      "supplier_id": "BALD001",
      "supplier_name": "Baldor Specialty Foods",
      "unit_size": "6 X 10 OZ CTN",
      "unit_type": "case",
      "wholesale_price": 20.0,
      "retail_price": 20.0,
      "retail_unit_type": "oz",
      "retail_unit_size": "1",
      "retail_pack_size": "1",
      "retail_price_per_unit": 2.0,
      "retail_display": "$2.00/oz",
      "is_organic": false,
      "is_gluten_free": true,
      "is_vegan": true,
      "is_kosher": false,
      "is_non_gmo": false,
      "is_local": false,
      "is_imported": false,
      "search_terms": [
        "chunks",
        "cantaloupe",
        "other",
        "produce"
      ],
      "upc": null,
      "processed_at": "2025-06-25T12:36:12.967672"
    },
    {
      "sku": "BALDOR_SALSA3A",
      "supplier_sku": "SALSA3A",
      "name": "HOMESTYLE SALSA",
      "category": "Produce/Other",
      "brand": "Baldor",
      "supplier_id": "BALD001",
      "supplier_name": "Baldor Specialty Foods",
      "unit_size": "12 X 12 OZ CTN",
      "unit_type": "case",
      "wholesale_price": 38.0,
      "retail_price": 38.0,
      "retail_unit_type": "oz",
      "retail_unit_size": "1",
      "retail_pack_size": "1",
      "retail_price_per_unit": 3.17,
      "retail_display": "$3.17/oz",
      "is_organic": false,
      "is_gluten_free": true,
      "is_vegan": true,
      "is_kosher": false,
      "is_non_gmo": false,
      "is_local": false,
      "is_imported": false,
      "search_terms": [
        "produce",
        "homestyle",
        "other",
        "salsa"
      ],
      "upc": null,
      "processed_at": "2025-06-25T12:36:12.967690"
    },
    {
      "sku": "BALDOR_FRU12A1",
      "supplier_sku": "FRU12A1",
      "name": "HONEYDEW CHUNKS",
      "category": "Produce/Other",
      "brand": "Baldor",
      "supplier_id": "BALD001",
      "supplier_name": "Baldor Specialty Foods",
      "unit_size": "6 X 10 OZ CTN",
      "unit_type": "case",
      "wholesale_price": 20.0,
      "retail_price": 20.0,
      "retail_unit_type": "oz",
      "retail_unit_size": "1",
      "retail_pack_size": "1",
      "retail_price_per_unit": 2.0,
      "retail_display": "$2.00/oz",
      "is_organic": false,
      "is_gluten_free": true,
      "is_vegan": true,
      "is_kosher": false,
      "is_non_gmo": false,
      "is_local": false,
      "is_imported": false,
      "search_terms": [
        "chunks",
        "produce",
        "other",
        "honeydew"
      ],
      "upc": null,
      "processed_at": "2025-06-25T12:36:12.967697"
    },
    {
      "sku": "BALDOR_SALSA4A",
      "supplier_sku": "SALSA4A",
      "name": "SALSA PINEAPPLE MANGO 12X12 OZ UR",
      "category": "Produce/Fruit/Apples",
      "brand": "Baldor",
      "supplier_id": "BALD001",
      "supplier_name": "Baldor Specialty Foods",
      "unit_size": "12 X 12 OZ CTN",
      "unit_type": "case",
      "wholesale_price": 44.0,
      "retail_price": 44.0,
      "retail_unit_type": "oz",
      "retail_unit_size": "1",
      "retail_pack_size": "1",
      "retail_price_per_unit": 3.67,
      "retail_display": "$3.67/oz",
      "is_organic": false,
      "is_gluten_free": true,
      "is_vegan": true,
      "is_kosher": false,
      "is_non_gmo": false,
      "is_local": false,
      "is_imported": false,
      "search_terms": [
        "salsa",
        "fruit",
        "apples",
        "mango",
        "produce",
        "pineapple",
        "12x12"
      ],
      "upc": null,
      "processed_at": "2025-06-25T12:36:12.967706"
    },
    {
      "sku": "BALDOR_FRU13C1",
      "supplier_sku": "FRU13C1",
      "name": "MANGO CHUNKS",
      "category": "Produce/Other",
      "brand": "Baldor",
      "supplier_id": "BALD001",
      "supplier_name": "Baldor Specialty Foods",
      "unit_size": "6 X 10 OZ CTN",
      "unit_type": "case",
      "wholesale_price": 30.0,
      "retail_price": 30.0,
      "retail_unit_type": "oz",
      "retail_unit_size": "1",
      "retail_pack_size": "1",
      "retail_price_per_unit": 3.0,
      "retail_display": "$3.00/oz",
      "is_organic": false,
      "is_gluten_free": true,
      "is_vegan": true,
      "is_kosher": false,
      "is_non_gmo": false,
      "is_local": false,
      "is_imported": false,
      "search_terms": [
        "mango",
        "chunks",
        "produce",
        "other"
      ],
      "upc": null,
      "processed_at": "2025-06-25T12:36:12.967713"
    },
    {
      "sku": "BALDOR_SALSA5A",
      "supplier_sku": "SALSA5A",
      "name": "HOMEMADE HOT SALSA",
      "category": "Produce/Other",
      "brand": "Baldor",
      "supplier_id": "BALD001",
      "supplier_name": "Baldor Specialty Foods",
      "unit_size": "12 X 12 OZ CTN",
      "unit_type": "case",
      "wholesale_price": 38.0,
      "retail_price": 38.0,
      "retail_unit_type": "oz",
      "retail_unit_size": "1",
      "retail_pack_size": "1",
      "retail_price_per_unit": 3.17,
      "retail_display": "$3.17/oz",
      "is_organic": false,
      "is_gluten_free": true,
      "is_vegan": true,
      "is_kosher": false,
      "is_non_gmo": false,
      "is_local": false,
      "is_imported": false,
      "search_terms": [
        "salsa",
        "homemade",
        "other",
        "produce",
        "hot"
      ],
      "upc": null,
      "processed_at": "2025-06-25T12:36:12.967721"
    },
    {
      "sku": "BALDOR_FRU14A1",
      "supplier_sku": "FRU14A1",
      "name": "MANGO KIWI STRAWBERRY",
      "category": "Produce/Fruit/Berries",
      "brand": "Baldor",
      "supplier_id": "BALD001",
      "supplier_name": "Baldor Specialty Foods",
      "unit_size": "6 X 10 OZ CTN",
      "unit_type": "case",
      "wholesale_price": 38.25,
      "retail_price": 38.25,
      "retail_unit_type": "oz",
      "retail_unit_size": "1",
      "retail_pack_size": "1",
      "retail_price_per_unit": 3.83,
      "retail_display": "$3.83/oz",
      "is_organic": false,
      "is_gluten_free": true,
      "is_vegan": true,
      "is_kosher": false,
      "is_non_gmo": false,
      "is_local": false,
      "is_imported": false,
      "search_terms": [
        "strawberry",
        "fruit",
        "mango",
        "berries",
        "produce",
        "kiwi"
      ],
      "upc": null,
      "processed_at": "2025-06-25T12:36:12.967729"
    },
    {
      "sku": "BALDOR_AS1",
      "supplier_sku": "AS1",
      "name": "ASPARAGUS LARGE 11 LB",
      "category": "Produce/Vegetables/Asparagus",
      "brand": "Baldor",
      "supplier_id": "BALD001",
      "supplier_name": "Baldor Specialty Foods",
      "unit_size": "11 LB CTN",
      "unit_type": "case",
      "wholesale_price": 30.0,
      "retail_price": 30.0,
      "retail_unit_type": "lb",
      "retail_unit_size": "1",
      "retail_pack_size": "1",
      "retail_price_per_unit": 2.73,
      "retail_display": "$2.73/lb",
      "is_organic": false,
      "is_gluten_free": true,
      "is_vegan": true,
      "is_kosher": false,
      "is_non_gmo": false,
      "is_local": false,
      "is_imported": false,
      "search_terms": [
        "produce",
        "vegetables",
        "asparagus",
        "large"
      ],
      "upc": null,
      "processed_at": "2025-06-25T12:36:12.967736"
    },
    {
      "sku": "BALDOR_BE1D",
      "supplier_sku": "BE1D",
      "name": "STRAWBERRIES 8X1 LB DRISCOLL",
      "category": "Produce/Other",
      "brand": "Baldor",
      "supplier_id": "BALD001",
      "supplier_name": "Baldor Specialty Foods",
      "unit_size": "8 x 1LB CTN",
      "unit_type": "case",
      "wholesale_price": 30.25,
      "retail_price": 30.25,
      "retail_unit_type": "lb",
      "retail_unit_size": "1",
      "retail_pack_size": "1",
      "retail_price_per_unit": 30.25,
      "retail_display": "$30.25/lb",
      "is_organic": false,
      "is_gluten_free": true,
      "is_vegan": true,
      "is_kosher": false,
      "is_non_gmo": false,
      "is_local": false,
      "is_imported": false,
      "search_terms": [
        "8x1",
        "other",
        "produce",
        "driscoll",
        "strawberries"
      ],
      "upc": null,
      "processed_at": "2025-06-25T12:36:12.967744"
    },
    {
      "sku": "BALDOR_AS52",
      "supplier_sku": "AS52",
      "name": "ASPARAGUS WHITE AAA 11 LB JBO",
      "category": "Produce/Vegetables/Asparagus",
      "brand": "Baldor",
      "supplier_id": "BALD001",
      "supplier_name": "Baldor Specialty Foods",
      "unit_size": "11 LBS CTN",
      "unit_type": "case",
      "wholesale_price": 140.0,
      "retail_price": 140.0,
      "retail_unit_type": "lb",
      "retail_unit_size": "1",
      "retail_pack_size": "1",
      "retail_price_per_unit": 12.73,
      "retail_display": "$12.73/lb",
      "is_organic": false,
      "is_gluten_free": true,
      "is_vegan": true,
      "is_kosher": false,
      "is_non_gmo": false,
      "is_local": false,
      "is_imported": false,
      "search_terms": [
        "jbo",
        "asparagus",
        "white",
        "aaa",
        "vegetables",
        "produce"
      ],
      "upc": null,
      "processed_at": "2025-06-25T12:36:12.967751"
    },
    {
      "sku": "BALDOR_BE1DC",
      "supplier_sku": "BE1DC",
      "name": "STRAWBERRIES SWEETEST BATCH LIMITED EDITION 8X14 OZ DRISCOLL",
      "category": "Produce/Other",
      "brand": "Baldor",
      "supplier_id": "BALD001",
      "supplier_name": "Baldor Specialty Foods",
      "unit_size": "8X14 OZ CTN",
      "unit_type": "case",
      "wholesale_price": 72.75,
      "retail_price": 72.75,
      "retail_unit_type": "oz",
      "retail_unit_size": "1",
      "retail_pack_size": "1",
      "retail_price_per_unit": 5.2,
      "retail_display": "$5.20/oz",
      "is_organic": false,
      "is_gluten_free": true,
      "is_vegan": true,
      "is_kosher": false,
      "is_non_gmo": false,
      "is_local": false,
      "is_imported": false,
      "search_terms": [
        "limited",
        "other",
        "edition",
        "sweetest",
        "batch",
        "8x14",
        "produce",
        "driscoll",
        "strawberries"
      ],
      "upc": null,
      "processed_at": "2025-06-25T12:36:12.967762"
    },
    {
      "sku": "BALDOR_ART4GRT",
      "supplier_sku": "ART4GRT",
      "name": "ARTICHOKES PURPLE 12-18 CT OCEAN MIST",
      "category": "Produce/Other",
      "brand": "Baldor",
      "supplier_id": "BALD001",
      "supplier_name": "Baldor Specialty Foods",
      "unit_size": "12-18 CT CTN",
      "unit_type": "case",
      "wholesale_price": 59.25,
      "retail_price": 59.25,
      "retail_unit_type": "each",
      "retail_unit_size": "1",
      "retail_pack_size": "1",
      "retail_price_per_unit": 3.29,
      "retail_display": "$3.29/each",
      "is_organic": false,
      "is_gluten_free": true,
      "is_vegan": true,
      "is_kosher": false,
      "is_non_gmo": false,
      "is_local": false,
      "is_imported": false,
      "search_terms": [
        "ocean",
        "other",
        "produce",
        "mist",
        "purple",
        "artichokes"
      ],
      "upc": null,
      "processed_at": "2025-06-25T12:36:12.967773"
    },
    {
      "sku": "BALDOR_AP33WT",
      "supplier_sku": "AP33WT",
      "name": "APPLE WILDTWIST XF 80-88 CT",
      "category": "Produce/Fruit/Apples",
      "brand": "Baldor",
      "supplier_id": "BALD001",
      "supplier_name": "Baldor Specialty Foods",
      "unit_size": "80-88 CTN",
      "unit_type": "case",
      "wholesale_price": 75.25,
      "retail_price": 75.25,
      "retail_unit_type": "each",
      "retail_unit_size": "1",
      "retail_pack_size": "1",
      "retail_price_per_unit": 0.86,
      "retail_display": "$0.86/each",
      "is_organic": false,
      "is_gluten_free": true,
      "is_vegan": true,
      "is_kosher": false,
      "is_non_gmo": false,
      "is_local": false,
      "is_imported": false,
      "search_terms": [
        "apple",
        "fruit",
        "apples",
        "produce",
        "wildtwist"
      ],
      "upc": null,
      "processed_at": "2025-06-25T12:36:12.967782"
    },
    {
      "sku": "BALDOR_POT991A",
      "supplier_sku": "POT991A",
      "name": "POTATO 10X5 LB",
      "category": "Produce/Vegetables/Potatoes",
      "brand": "Baldor",
      "supplier_id": "BALD001",
      "supplier_name": "Baldor Specialty Foods",
      "unit_size": "10 x 5 LB CTN",
      "unit_type": "case",
      "wholesale_price": 20.0,
      "retail_price": 20.0,
      "retail_unit_type": "lb",
      "retail_unit_size": "1",
      "retail_pack_size": "1",
      "retail_price_per_unit": 4.0,
      "retail_display": "$4.00/lb",
      "is_organic": false,
      "is_gluten_free": true,
      "is_vegan": true,
      "is_kosher": false,
      "is_non_gmo": false,
      "is_local": false,
      "is_imported": false,
      "search_terms": [
        "potato",
        "vegetables",
        "10x5",
        "produce",
        "potatoes"
      ],
      "upc": null,
      "processed_at": "2025-06-25T12:36:12.967789"
    },
    {
      "sku": "BALDOR_AP99ERT",
      "supplier_sku": "AP99ERT",
      "name": "APPLE ENVY EURO 40-50 CT EURO 27LB",
      "category": "Produce/Fruit/Apples",
      "brand": "Baldor",
      "supplier_id": "BALD001",
      "supplier_name": "Baldor Specialty Foods",
      "unit_size": "40-50 CT CTN",
      "unit_type": "case",
      "wholesale_price": 63.0,
      "retail_price": 63.0,
      "retail_unit_type": "each",
      "retail_unit_size": "1",
      "retail_pack_size": "1",
      "retail_price_per_unit": 1.26,
      "retail_display": "$1.26/each",
      "is_organic": false,
      "is_gluten_free": true,
      "is_vegan": true,
      "is_kosher": false,
      "is_non_gmo": false,
      "is_local": false,
      "is_imported": false,
      "search_terms": [
        "apple",
        "envy",
        "27lb",
        "fruit",
        "apples",
        "produce",
        "euro"
      ],
      "upc": null,
      "processed_at": "2025-06-25T12:36:12.967798"
    },
    {
      "sku": "BALDOR_POT30",
      "supplier_sku": "POT30",
      "name": "POTATO GPOD 60 CT 50 LB",
      "category": "Produce/Vegetables/Potatoes",
      "brand": "Baldor",
      "supplier_id": "BALD001",
      "supplier_name": "Baldor Specialty Foods",
      "unit_size": "50LB CTN",
      "unit_type": "case",
      "wholesale_price": 26.0,
      "retail_price": 26.0,
      "retail_unit_type": "lb",
      "retail_unit_size": "1",
      "retail_pack_size": "1",
      "retail_price_per_unit": 0.52,
      "retail_display": "$0.52/lb",
      "is_organic": false,
      "is_gluten_free": true,
      "is_vegan": true,
      "is_kosher": false,
      "is_non_gmo": false,
      "is_local": false,
      "is_imported": false,
      "search_terms": [
        "potato",
        "gpod",
        "vegetables",
        "produce",
        "potatoes"
      ],
      "upc": null,
      "processed_at": "2025-06-25T12:36:12.967806"
    },
    {
      "sku": "BALDOR_AP9LR",
      "supplier_sku": "AP9LR",
      "name": "APPLE LUCY ROSE 64-72 CT",
      "category": "Produce/Fruit/Apples",
      "brand": "Baldor",
      "supplier_id": "BALD001",
      "supplier_name": "Baldor Specialty Foods",
      "unit_size": "10X1LBS CTN",
      "unit_type": "case",
      "wholesale_price": 56.75,
      "retail_price": 56.75,
      "retail_unit_type": "lb",
      "retail_unit_size": "1",
      "retail_pack_size": "1",
      "retail_price_per_unit": 56.75,
      "retail_display": "$56.75/lb",
      "is_organic": false,
      "is_gluten_free": true,
      "is_vegan": true,
      "is_kosher": false,
      "is_non_gmo": false,
      "is_local": false,
      "is_imported": false,
      "search_terms": [
        "apple",
        "lucy",
        "fruit",
        "apples",
        "produce",
        "rose"
      ],
      "upc": null,
      "processed_at": "2025-06-25T12:36:12.967813"
    },
    {
      "sku": "BALDOR_GRA9NN",
      "supplier_sku": "GRA9NN",
      "name": "GRAPES CANDY SNAP 10X1 LB",
      "category": "Produce/Fruit/Grapes",
      "brand": "Baldor",
      "supplier_id": "BALD001",
      "supplier_name": "Baldor Specialty Foods",
      "unit_size": "10 X 1LB CTN",
      "unit_type": "case",
      "wholesale_price": 37.5,
      "retail_price": 37.5,
      "retail_unit_type": "lb",
      "retail_unit_size": "1",
      "retail_pack_size": "1",
      "retail_price_per_unit": 37.5,
      "retail_display": "$37.50/lb",
      "is_organic": false,
      "is_gluten_free": true,
      "is_vegan": true,
      "is_kosher": false,
      "is_non_gmo": false,
      "is_local": false,
      "is_imported": false,
      "search_terms": [
        "fruit",
        "candy",
        "10x1",
        "produce",
        "grapes",
        "snap"
      ],
      "upc": null,
      "processed_at": "2025-06-25T12:36:12.967821"
    },
    {
      "sku": "BALDOR_GRA11RT",
      "supplier_sku": "GRA11RT",
      "name": "TFM GRAPE RED SEEDLESS LIMITED EDITION 19 LB",
      "category": "Produce/Fruit/Grapes",
      "brand": "Baldor",
      "supplier_id": "BALD001",
      "supplier_name": "Baldor Specialty Foods",
      "unit_size": "19 LBS CTN",
      "unit_type": "case",
      "wholesale_price": 59.75,
      "retail_price": 59.75,
      "retail_unit_type": "lb",
      "retail_unit_size": "1",
      "retail_pack_size": "1",
      "retail_price_per_unit": 3.14,
      "retail_display": "$3.14/lb",
      "is_organic": false,
      "is_gluten_free": true,
      "is_vegan": true,
      "is_kosher": false,
      "is_non_gmo": false,
      "is_local": false,
      "is_imported": false,
      "search_terms": [
        "limited",
        "seedless",
        "fruit",
        "edition",
        "red",
        "produce",
        "tfm",
        "grapes",
        "grape"
      ],
      "upc": null,
      "processed_at": "2025-06-25T12:36:12.967830"
    },
    {
      "sku": "BALDOR_CAR991",
      "supplier_sku": "CAR991",
      "name": "CARROT CELLO BAGS 48X1 LB",
      "category": "Produce/Vegetables/Root Vegetables",
      "brand": "Baldor",
      "supplier_id": "BALD001",
      "supplier_name": "Baldor Specialty Foods",
      "unit_size": "48 X 1LB CTN",
      "unit_type": "case",
      "wholesale_price": 37.0,
      "retail_price": 37.0,
      "retail_unit_type": "lb",
      "retail_unit_size": "1",
      "retail_pack_size": "1",
      "retail_price_per_unit": 37.0,
      "retail_display": "$37.00/lb",
      "is_organic": false,
      "is_gluten_free": true,
      "is_vegan": true,
      "is_kosher": false,
      "is_non_gmo": false,
      "is_local": false,
      "is_imported": false,
      "search_terms": [
        "root vegetables",
        "cello",
        "48x1",
        "bags",
        "vegetables",
        "produce",
        "carrot"
      ],
      "upc": null,
      "processed_at": "2025-06-25T12:36:12.967838"
    },
    {
      "sku": "BALDOR_GRA7AF",
      "supplier_sku": "GRA7AF",
      "name": "GRAPES GUM DROP 16 LB GRAPERY",
      "category": "Produce/Fruit/Grapes",
      "brand": "Baldor",
      "supplier_id": "BALD001",
      "supplier_name": "Baldor Specialty Foods",
      "unit_size": "16 LBS CTN",
      "unit_type": "case",
      "wholesale_price": 72.0,
      "retail_price": 72.0,
      "retail_unit_type": "lb",
      "retail_unit_size": "1",
      "retail_pack_size": "1",
      "retail_price_per_unit": 4.5,
      "retail_display": "$4.50/lb",
      "is_organic": false,
      "is_gluten_free": true,
      "is_vegan": true,
      "is_kosher": false,
      "is_non_gmo": false,
      "is_local": false,
      "is_imported": false,
      "search_terms": [
        "drop",
        "fruit",
        "produce",
        "grapery",
        "grapes",
        "gum"
      ],
      "upc": null,
      "processed_at": "2025-06-25T12:36:12.967846"
    },
    {
      "sku": "BALDOR_BEA1",
      "supplier_sku": "BEA1",
      "name": "BEANS STRING 25 LB",
      "category": "Produce/Other",
      "brand": "Baldor",
      "supplier_id": "BALD001",
      "supplier_name": "Baldor Specialty Foods",
      "unit_size": "24 CT CTN",
      "unit_type": "case",
      "wholesale_price": 23.0,
      "retail_price": 23.0,
      "retail_unit_type": "each",
      "retail_unit_size": "1",
      "retail_pack_size": "1",
      "retail_price_per_unit": 0.96,
      "retail_display": "$0.96/each",
      "is_organic": false,
      "is_gluten_free": true,
      "is_vegan": true,
      "is_kosher": false,
      "is_non_gmo": false,
      "is_local": false,
      "is_imported": false,
      "search_terms": [
        "string",
        "produce",
        "beans",
        "other"
      ],
      "upc": null,
      "processed_at": "2025-06-25T12:36:12.967854"
    },
    {
      "sku": "BALDOR_GRA14N",
      "supplier_sku": "GRA14N",
      "name": "GRAPES CANDY HEARTS 10X1 LB",
      "category": "Produce/Fruit/Grapes",
      "brand": "Baldor",
      "supplier_id": "BALD001",
      "supplier_name": "Baldor Specialty Foods",
      "unit_size": "10X1LBS CTN",
      "unit_type": "case",
      "wholesale_price": 39.25,
      "retail_price": 39.25,
      "retail_unit_type": "lb",
      "retail_unit_size": "1",
      "retail_pack_size": "1",
      "retail_price_per_unit": 39.25,
      "retail_display": "$39.25/lb",
      "is_organic": false,
      "is_gluten_free": true,
      "is_vegan": true,
      "is_kosher": false,
      "is_non_gmo": false,
      "is_local": false,
      "is_imported": false,
      "search_terms": [
        "fruit",
        "candy",
        "10x1",
        "produce",
        "hearts",
        "grapes"
      ],
      "upc": null,
      "processed_at": "2025-06-25T12:36:12.967862"
    },
    {
      "sku": "BALDOR_LE3C",
      "supplier_sku": "LE3C",
      "name": "LEEKS LOOSE 12 CT CANADIAN",
      "category": "Produce/Other",
      "brand": "Baldor",
      "supplier_id": "BALD001",
      "supplier_name": "Baldor Specialty Foods",
      "unit_size": "12 CT CTN",
      "unit_type": "case",
      "wholesale_price": 31.75,
      "retail_price": 31.75,
      "retail_unit_type": "each",
      "retail_unit_size": "1",
      "retail_pack_size": "1",
      "retail_price_per_unit": 2.65,
      "retail_display": "$2.65/each",
      "is_organic": false,
      "is_gluten_free": true,
      "is_vegan": true,
      "is_kosher": false,
      "is_non_gmo": false,
      "is_local": false,
      "is_imported": false,
      "search_terms": [
        "leeks",
        "loose",
        "other",
        "produce",
        "canadian"
      ],
      "upc": null,
      "processed_at": "2025-06-25T12:36:12.967875"
    },
    {
      "sku": "BALDOR_OR9D",
      "supplier_sku": "OR9D",
      "name": "ORANGES SEVILLE SOUR 18 LB RISING C",
      "category": "Produce/Fruit/Citrus",
      "brand": "Baldor",
      "supplier_id": "BALD001",
      "supplier_name": "Baldor Specialty Foods",
      "unit_size": "18 LBS CTN",
      "unit_type": "case",
      "wholesale_price": 48.0,
      "retail_price": 48.0,
      "retail_unit_type": "lb",
      "retail_unit_size": "1",
      "retail_pack_size": "1",
      "retail_price_per_unit": 2.67,
      "retail_display": "$2.67/lb",
      "is_organic": false,
      "is_gluten_free": true,
      "is_vegan": true,
      "is_kosher": false,
      "is_non_gmo": false,
      "is_local": false,
      "is_imported": false,
      "search_terms": [
        "sour",
        "citrus",
        "rising",
        "fruit",
        "produce",
        "oranges",
        "seville"
      ],
      "upc": null,
      "processed_at": "2025-06-25T12:36:12.967883"
    },
    {
      "sku": "BALDOR_CAB2AF",
      "supplier_sku": "CAB2AF",
      "name": "CABBAGE FLAT SWEET 8 CT",
      "category": "Produce/Other",
      "brand": "Baldor",
      "supplier_id": "BALD001",
      "supplier_name": "Baldor Specialty Foods",
      "unit_size": "40 LB CTN",
      "unit_type": "case",
      "wholesale_price": 33.75,
      "retail_price": 33.75,
      "retail_unit_type": "lb",
      "retail_unit_size": "1",
      "retail_pack_size": "1",
      "retail_price_per_unit": 0.84,
      "retail_display": "$0.84/lb",
      "is_organic": false,
      "is_gluten_free": true,
      "is_vegan": true,
      "is_kosher": false,
      "is_non_gmo": false,
      "is_local": false,
      "is_imported": false,
      "search_terms": [
        "flat",
        "other",
        "produce",
        "sweet",
        "cabbage"
      ],
      "upc": null,
      "processed_at": "2025-06-25T12:36:12.967891"
    },
    {
      "sku": "BALDOR_ME1H",
      "supplier_sku": "ME1H",
      "name": "MELON DINO 5-6 CT",
      "category": "Produce/Fruit/Melons",
      "brand": "Baldor",
      "supplier_id": "BALD001",
      "supplier_name": "Baldor Specialty Foods",
      "unit_size": "5-6CT CTN",
      "unit_type": "case",
      "wholesale_price": 37.0,
      "retail_price": 37.0,
      "retail_unit_type": "each",
      "retail_unit_size": "1",
      "retail_pack_size": "1",
      "retail_price_per_unit": 6.17,
      "retail_display": "$6.17/each",
      "is_organic": false,
      "is_gluten_free": true,
      "is_vegan": true,
      "is_kosher": false,
      "is_non_gmo": false,
      "is_local": false,
      "is_imported": false,
      "search_terms": [
        "melons",
        "fruit",
        "dino",
        "produce",
        "melon"
      ],
      "upc": null,
      "processed_at": "2025-06-25T12:36:12.967899"
    },
    {
      "sku": "BALDOR_POT0",
      "supplier_sku": "POT0",
      "name": "POTATO GPOD 90 CT 50 LB",
      "category": "Produce/Vegetables/Potatoes",
      "brand": "Baldor",
      "supplier_id": "BALD001",
      "supplier_name": "Baldor Specialty Foods",
      "unit_size": "50 LB CTN",
      "unit_type": "case",
      "wholesale_price": 24.0,
      "retail_price": 24.0,
      "retail_unit_type": "lb",
      "retail_unit_size": "1",
      "retail_pack_size": "1",
      "retail_price_per_unit": 0.48,
      "retail_display": "$0.48/lb",
      "is_organic": false,
      "is_gluten_free": true,
      "is_vegan": true,
      "is_kosher": false,
      "is_non_gmo": false,
      "is_local": false,
      "is_imported": false,
      "search_terms": [
        "potato",
        "gpod",
        "vegetables",
        "produce",
        "potatoes"
      ],
      "upc": null,
      "processed_at": "2025-06-25T12:36:12.967906"
    },
    {
      "sku": "BALDOR_OR900M",
      "supplier_sku": "OR900M",
      "name": "ORANGE BLOOD TAROCCO 25 LB MURRAY FAMILY FARMS",
      "category": "Produce/Fruit/Citrus",
      "brand": "Baldor",
      "supplier_id": "BALD001",
      "supplier_name": "Baldor Specialty Foods",
      "unit_size": "40 LBS CTN",
      "unit_type": "case",
      "wholesale_price": 103.5,
      "retail_price": 103.5,
      "retail_unit_type": "lb",
      "retail_unit_size": "1",
      "retail_pack_size": "1",
      "retail_price_per_unit": 2.59,
      "retail_display": "$2.59/lb",
      "is_organic": false,
      "is_gluten_free": true,
      "is_vegan": true,
      "is_kosher": false,
      "is_non_gmo": false,
      "is_local": false,
      "is_imported": false,
      "search_terms": [
        "citrus",
        "tarocco",
        "fruit",
        "murray",
        "farms",
        "family",
        "produce",
        "orange",
        "blood"
      ],
      "upc": null,
      "processed_at": "2025-06-25T12:36:12.967915"
    },
    {
      "sku": "BALDOR_CU5BA",
      "supplier_sku": "CU5BA",
      "name": "CUCUMBER PERSIAN 12X1 LB",
      "category": "Produce/Other",
      "brand": "Baldor",
      "supplier_id": "BALD001",
      "supplier_name": "Baldor Specialty Foods",
      "unit_size": "12 X 1 LB CTN",
      "unit_type": "case",
      "wholesale_price": 29.75,
      "retail_price": 29.75,
      "retail_unit_type": "lb",
      "retail_unit_size": "1",
      "retail_pack_size": "1",
      "retail_price_per_unit": 29.75,
      "retail_display": "$29.75/lb",
      "is_organic": false,
      "is_gluten_free": true,
      "is_vegan": true,
      "is_kosher": false,
      "is_non_gmo": false,
      "is_local": false,
      "is_imported": false,
      "search_terms": [
        "persian",
        "cucumber",
        "other",
        "produce",
        "12x1"
      ],
      "upc": null,
      "processed_at": "2025-06-25T12:36:12.967922"
    },
    {
      "sku": "BALDOR_PL5",
      "supplier_sku": "PL5",
      "name": "PLUM GREENGAGE 11 LB",
      "category": "Produce/Other",
      "brand": "Baldor",
      "supplier_id": "BALD001",
      "supplier_name": "Baldor Specialty Foods",
      "unit_size": "20 LBS CTN",
      "unit_type": "case",
      "wholesale_price": 96.25,
      "retail_price": 96.25,
      "retail_unit_type": "lb",
      "retail_unit_size": "1",
      "retail_pack_size": "1",
      "retail_price_per_unit": 4.81,
      "retail_display": "$4.81/lb",
      "is_organic": false,
      "is_gluten_free": true,
      "is_vegan": true,
      "is_kosher": false,
      "is_non_gmo": false,
      "is_local": false,
      "is_imported": false,
      "search_terms": [
        "plum",
        "produce",
        "other",
        "greengage"
      ],
      "upc": null,
      "processed_at": "2025-06-25T12:36:12.967930"
    },
    {
      "sku": "BALDOR_MU94",
      "supplier_sku": "MU94",
      "name": "MUSH CHANTERELLES 3 LB",
      "category": "Produce/Other",
      "brand": "Baldor",
      "supplier_id": "BALD001",
      "supplier_name": "Baldor Specialty Foods",
      "unit_size": "3LBS CTN",
      "unit_type": "case",
      "wholesale_price": 118.0,
      "retail_price": 118.0,
      "retail_unit_type": "lb",
      "retail_unit_size": "1",
      "retail_pack_size": "1",
      "retail_price_per_unit": 39.33,
      "retail_display": "$39.33/lb",
      "is_organic": false,
      "is_gluten_free": true,
      "is_vegan": true,
      "is_kosher": false,
      "is_non_gmo": false,
      "is_local": false,
      "is_imported": false,
      "search_terms": [
        "produce",
        "chanterelles",
        "mush",
        "other"
      ],
      "upc": null,
      "processed_at": "2025-06-25T12:36:12.967937"
    },
    {
      "sku": "BALDOR_OR80",
      "supplier_sku": "OR80",
      "name": "ORANGES BLOOD MORO 20 LB",
      "category": "Produce/Fruit/Citrus",
      "brand": "Baldor",
      "supplier_id": "BALD001",
      "supplier_name": "Baldor Specialty Foods",
      "unit_size": "20LBS CTN",
      "unit_type": "case",
      "wholesale_price": 24.75,
      "retail_price": 24.75,
      "retail_unit_type": "lb",
      "retail_unit_size": "1",
      "retail_pack_size": "1",
      "retail_price_per_unit": 1.24,
      "retail_display": "$1.24/lb",
      "is_organic": false,
      "is_gluten_free": true,
      "is_vegan": true,
      "is_kosher": false,
      "is_non_gmo": false,
      "is_local": false,
      "is_imported": false,
      "search_terms": [
        "citrus",
        "fruit",
        "moro",
        "produce",
        "oranges",
        "blood"
      ],
      "upc": null,
      "processed_at": "2025-06-25T12:36:12.967945"
    },
    {
      "sku": "BALDOR_TO5D4",
      "supplier_sku": "TO5D4",
      "name": "TOMATO RED SAVORRIES SWEET STRAWBERRY 8X12 OZ",
      "category": "Produce/Vegetables/Tomatoes",
      "brand": "Baldor",
      "supplier_id": "BALD001",
      "supplier_name": "Baldor Specialty Foods",
      "unit_size": "8X12OZ CTN",
      "unit_type": "case",
      "wholesale_price": 36.75,
      "retail_price": 36.75,
      "retail_unit_type": "oz",
      "retail_unit_size": "1",
      "retail_pack_size": "1",
      "retail_price_per_unit": 3.06,
      "retail_display": "$3.06/oz",
      "is_organic": false,
      "is_gluten_free": true,
      "is_vegan": true,
      "is_kosher": false,
      "is_non_gmo": false,
      "is_local": false,
      "is_imported": false,
      "search_terms": [
        "savorries",
        "tomato",
        "strawberry",
        "vegetables",
        "red",
        "8x12",
        "produce",
        "tomatoes",
        "sweet"
      ],
      "upc": null,
      "processed_at": "2025-06-25T12:36:12.967953"
    },
    {
      "sku": "BALDOR_K5",
      "supplier_sku": "K5",
      "name": "KIWI BABY KIWIBERRY 12 CT",
      "category": "Produce/Fruit/Berries",
      "brand": "Baldor",
      "supplier_id": "BALD001",
      "supplier_name": "Baldor Specialty Foods",
      "unit_size": "12C T CTN",
      "unit_type": "case",
      "wholesale_price": 53.75,
      "retail_price": 53.75,
      "retail_unit_type": "case",
      "retail_unit_size": "12C T CTN",
      "retail_pack_size": "1",
      "retail_price_per_unit": 53.75,
      "retail_display": "$53.75/case",
      "is_organic": false,
      "is_gluten_free": true,
      "is_vegan": true,
      "is_kosher": false,
      "is_non_gmo": false,
      "is_local": false,
      "is_imported": false,
      "search_terms": [
        "kiwiberry",
        "baby",
        "fruit",
        "berries",
        "produce",
        "kiwi"
      ],
      "upc": null,
      "processed_at": "2025-06-25T12:36:12.968124"
    },
    {
      "sku": "BALDOR_CAB",
      "supplier_sku": "CAB",
      "name": "CABBAGE GREEN CASE 14-16 CT",
      "category": "Produce/Other",
      "brand": "Baldor",
      "supplier_id": "BALD001",
      "supplier_name": "Baldor Specialty Foods",
      "unit_size": "14-16 CT CTN",
      "unit_type": "case",
      "wholesale_price": 23.5,
      "retail_price": 23.5,
      "retail_unit_type": "each",
      "retail_unit_size": "1",
      "retail_pack_size": "1",
      "retail_price_per_unit": 1.47,
      "retail_display": "$1.47/each",
      "is_organic": false,
      "is_gluten_free": true,
      "is_vegan": true,
      "is_kosher": false,
      "is_non_gmo": false,
      "is_local": false,
      "is_imported": false,
      "search_terms": [
        "other",
        "produce",
        "green",
        "case",
        "cabbage"
      ],
      "upc": null,
      "processed_at": "2025-06-25T12:36:12.968135"
    },
    {
      "sku": "BALDOR_PAS1",
      "supplier_sku": "PAS1",
      "name": "PASSION FRUIT GOLDEN 1 LYR",
      "category": "Produce/Other",
      "brand": "Baldor",
      "supplier_id": "BALD001",
      "supplier_name": "Baldor Specialty Foods",
      "unit_size": "10 LBS CTN",
      "unit_type": "case",
      "wholesale_price": 86.25,
      "retail_price": 86.25,
      "retail_unit_type": "lb",
      "retail_unit_size": "1",
      "retail_pack_size": "1",
      "retail_price_per_unit": 8.62,
      "retail_display": "$8.62/lb",
      "is_organic": false,
      "is_gluten_free": true,
      "is_vegan": true,
      "is_kosher": false,
      "is_non_gmo": false,
      "is_local": false,
      "is_imported": false,
      "search_terms": [
        "lyr",
        "fruit",
        "other",
        "produce",
        "golden",
        "passion"
      ],
      "upc": null,
      "processed_at": "2025-06-25T12:36:12.968144"
    },
    {
      "sku": "BALDOR_HE7",
      "supplier_sku": "HE7",
      "name": "TOMATO HEIRLOOM CHEROKEE PURPLE 10 LB 1 LYR",
      "category": "Produce/Vegetables/Tomatoes",
      "brand": "Baldor",
      "supplier_id": "BALD001",
      "supplier_name": "Baldor Specialty Foods",
      "unit_size": "10 LBS CTN",
      "unit_type": "case",
      "wholesale_price": 38.0,
      "retail_price": 38.0,
      "retail_unit_type": "lb",
      "retail_unit_size": "1",
      "retail_pack_size": "1",
      "retail_price_per_unit": 3.8,
      "retail_display": "$3.80/lb",
      "is_organic": false,
      "is_gluten_free": true,
      "is_vegan": true,
      "is_kosher": false,
      "is_non_gmo": false,
      "is_local": false,
      "is_imported": false,
      "search_terms": [
        "heirloom",
        "lyr",
        "tomato",
        "vegetables",
        "cherokee",
        "produce",
        "tomatoes",
        "purple"
      ],
      "upc": null,
      "processed_at": "2025-06-25T12:36:12.968152"
    },
    {
      "sku": "BALDOR_L4HA",
      "supplier_sku": "L4HA",
      "name": "LEMONS LIMONE DI SORRENTO 8 LB",
      "category": "Produce/Fruit/Citrus",
      "brand": "Baldor",
      "supplier_id": "BALD001",
      "supplier_name": "Baldor Specialty Foods",
      "unit_size": "8LBS CTN",
      "unit_type": "case",
      "wholesale_price": 64.25,
      "retail_price": 64.25,
      "retail_unit_type": "lb",
      "retail_unit_size": "1",
      "retail_pack_size": "1",
      "retail_price_per_unit": 8.03,
      "retail_display": "$8.03/lb",
      "is_organic": false,
      "is_gluten_free": true,
      "is_vegan": true,
      "is_kosher": false,
      "is_non_gmo": false,
      "is_local": false,
      "is_imported": false,
      "search_terms": [
        "limone",
        "citrus",
        "fruit",
        "sorrento",
        "lemons",
        "produce"
      ],
      "upc": null,
      "processed_at": "2025-06-25T12:36:12.968160"
    },
    {
      "sku": "BALDOR_POT10",
      "supplier_sku": "POT10",
      "name": "POTATO GPOD 100 CT 50 LB",
      "category": "Produce/Vegetables/Potatoes",
      "brand": "Baldor",
      "supplier_id": "BALD001",
      "supplier_name": "Baldor Specialty Foods",
      "unit_size": "50 LB CTN",
      "unit_type": "case",
      "wholesale_price": 23.0,
      "retail_price": 23.0,
      "retail_unit_type": "lb",
      "retail_unit_size": "1",
      "retail_pack_size": "1",
      "retail_price_per_unit": 0.46,
      "retail_display": "$0.46/lb",
      "is_organic": false,
      "is_gluten_free": true,
      "is_vegan": true,
      "is_kosher": false,
      "is_non_gmo": false,
      "is_local": false,
      "is_imported": false,
      "search_terms": [
        "potato",
        "gpod",
        "vegetables",
        "produce",
        "potatoes",
        "100"
      ],
      "upc": null,
      "processed_at": "2025-06-25T12:36:12.968166"
    },
    {
      "sku": "BALDOR_OR7AB",
      "supplier_sku": "OR7AB",
      "name": "SUMO CITRUS VF 18-22 CT SUNTREAT",
      "category": "Produce/Other",
      "brand": "Baldor",
      "supplier_id": "BALD001",
      "supplier_name": "Baldor Specialty Foods",
      "unit_size": "18-22 CT CTN",
      "unit_type": "case",
      "wholesale_price": 61.75,
      "retail_price": 61.75,
      "retail_unit_type": "each",
      "retail_unit_size": "1",
      "retail_pack_size": "1",
      "retail_price_per_unit": 2.81,
      "retail_display": "$2.81/each",
      "is_organic": false,
      "is_gluten_free": true,
      "is_vegan": true,
      "is_kosher": false,
      "is_non_gmo": false,
      "is_local": false,
      "is_imported": false,
      "search_terms": [
        "citrus",
        "sumo",
        "suntreat",
        "other",
        "produce"
      ],
      "upc": null,
      "processed_at": "2025-06-25T12:36:12.968177"
    },
    {
      "sku": "BALDOR_CAR",
      "supplier_sku": "CAR",
      "name": "CARROT LARGE LOOSE 50 LB",
      "category": "Produce/Vegetables/Root Vegetables",
      "brand": "Baldor",
      "supplier_id": "BALD001",
      "supplier_name": "Baldor Specialty Foods",
      "unit_size": "50 LB CTN",
      "unit_type": "case",
      "wholesale_price": 24.0,
      "retail_price": 24.0,
      "retail_unit_type": "lb",
      "retail_unit_size": "1",
      "retail_pack_size": "1",
      "retail_price_per_unit": 0.48,
      "retail_display": "$0.48/lb",
      "is_organic": false,
      "is_gluten_free": true,
      "is_vegan": true,
      "is_kosher": false,
      "is_non_gmo": false,
      "is_local": false,
      "is_imported": false,
      "search_terms": [
        "root vegetables",
        "large",
        "loose",
        "vegetables",
        "produce",
        "carrot"
      ],
      "upc": null,
      "processed_at": "2025-06-25T12:36:12.968184"
    },
    {
      "sku": "BALDOR_OR910AB",
      "supplier_sku": "OR910AB",
      "name": "MANDARIN SATSUMA STEM & LEAF 6X3 LB RISING C",
      "category": "Produce/Other",
      "brand": "Baldor",
      "supplier_id": "BALD001",
      "supplier_name": "Baldor Specialty Foods",
      "unit_size": "6X 3LB CTN",
      "unit_type": "case",
      "wholesale_price": 43.5,
      "retail_price": 43.5,
      "retail_unit_type": "lb",
      "retail_unit_size": "1",
      "retail_pack_size": "1",
      "retail_price_per_unit": 14.5,
      "retail_display": "$14.50/lb",
      "is_organic": false,
      "is_gluten_free": true,
      "is_vegan": true,
      "is_kosher": false,
      "is_non_gmo": false,
      "is_local": false,
      "is_imported": false,
      "search_terms": [
        "rising",
        "satsuma",
        "leaf",
        "6x3",
        "other",
        "produce",
        "stem",
        "mandarin"
      ],
      "upc": null,
      "processed_at": "2025-06-25T12:36:12.968194"
    },
    {
      "sku": "BALDOR_AP",
      "supplier_sku": "AP",
      "name": "RED DELICIOUS 80-88 CT",
      "category": "Produce/Other",
      "brand": "Baldor",
      "supplier_id": "BALD001",
      "supplier_name": "Baldor Specialty Foods",
      "unit_size": "80-88 CT CTN",
      "unit_type": "case",
      "wholesale_price": 45.5,
      "retail_price": 45.5,
      "retail_unit_type": "each",
      "retail_unit_size": "1",
      "retail_pack_size": "1",
      "retail_price_per_unit": 0.52,
      "retail_display": "$0.52/each",
      "is_organic": false,
      "is_gluten_free": true,
      "is_vegan": true,
      "is_kosher": false,
      "is_non_gmo": false,
      "is_local": false,
      "is_imported": false,
      "search_terms": [
        "red",
        "produce",
        "other",
        "delicious"
      ],
      "upc": null,
      "processed_at": "2025-06-25T12:36:12.968203"
    },
    {
      "sku": "BALDOR_AP0",
      "supplier_sku": "AP0",
      "name": "HUDSON RIVER FRUIT RED DELICIOUS 80-88 CT",
      "category": "Produce/Other",
      "brand": "Baldor",
      "supplier_id": "BALD001",
      "supplier_name": "Baldor Specialty Foods",
      "unit_size": "80-88 CT CTN",
      "unit_type": "case",
      "wholesale_price": 45.5,
      "retail_price": 45.5,
      "retail_unit_type": "each",
      "retail_unit_size": "1",
      "retail_pack_size": "1",
      "retail_price_per_unit": 0.52,
      "retail_display": "$0.52/each",
      "is_organic": false,
      "is_gluten_free": true,
      "is_vegan": true,
      "is_kosher": false,
      "is_non_gmo": false,
      "is_local": false,
      "is_imported": false,
      "search_terms": [
        "river",
        "fruit",
        "hudson",
        "other",
        "red",
        "produce",
        "delicious"
      ],
      "upc": null,
      "processed_at": "2025-06-25T12:36:12.968215"
    },
    {
      "sku": "BALDOR_A1",
      "supplier_sku": "A1",
      "name": "ARUGULA BABY ROCKET 3 LB B&W",
      "category": "Produce/Other",
      "brand": "Baldor",
      "supplier_id": "BALD001",
      "supplier_name": "Baldor Specialty Foods",
      "unit_size": "3 LB CTN",
      "unit_type": "case",
      "wholesale_price": 18.25,
      "retail_price": 18.25,
      "retail_unit_type": "lb",
      "retail_unit_size": "1",
      "retail_pack_size": "1",
      "retail_price_per_unit": 6.08,
      "retail_display": "$6.08/lb",
      "is_organic": false,
      "is_gluten_free": true,
      "is_vegan": true,
      "is_kosher": false,
      "is_non_gmo": false,
      "is_local": false,
      "is_imported": false,
      "search_terms": [
        "baby",
        "arugula",
        "other",
        "b&w",
        "produce",
        "rocket"
      ],
      "upc": null,
      "processed_at": "2025-06-25T12:36:12.968223"
    },
    {
      "sku": "BALDOR_AP02",
      "supplier_sku": "AP02",
      "name": "RED DELICIOUS APPLES 125 CT",
      "category": "Produce/Fruit/Apples",
      "brand": "Baldor",
      "supplier_id": "BALD001",
      "supplier_name": "Baldor Specialty Foods",
      "unit_size": "125 CT CTN",
      "unit_type": "case",
      "wholesale_price": 53.25,
      "retail_price": 53.25,
      "retail_unit_type": "each",
      "retail_unit_size": "1",
      "retail_pack_size": "1",
      "retail_price_per_unit": 0.43,
      "retail_display": "$0.43/each",
      "is_organic": false,
      "is_gluten_free": true,
      "is_vegan": true,
      "is_kosher": false,
      "is_non_gmo": false,
      "is_local": false,
      "is_imported": false,
      "search_terms": [
        "fruit",
        "apples",
        "red",
        "125",
        "produce",
        "delicious"
      ],
      "upc": null,
      "processed_at": "2025-06-25T12:36:12.968232"
    },
    {
      "sku": "BALDOR_A3C",
      "supplier_sku": "A3C",
      "name": "ARUGULA WILD 6X4 OZ B&W",
      "category": "Produce/Other",
      "brand": "Baldor",
      "supplier_id": "BALD001",
      "supplier_name": "Baldor Specialty Foods",
      "unit_size": "4 OZ CTN",
      "unit_type": "case",
      "wholesale_price": 18.5,
      "retail_price": 18.5,
      "retail_unit_type": "oz",
      "retail_unit_size": "1",
      "retail_pack_size": "1",
      "retail_price_per_unit": 4.62,
      "retail_display": "$4.62/oz",
      "is_organic": false,
      "is_gluten_free": true,
      "is_vegan": true,
      "is_kosher": false,
      "is_non_gmo": false,
      "is_local": false,
      "is_imported": false,
      "search_terms": [
        "wild",
        "other",
        "arugula",
        "b&w",
        "produce",
        "6x4"
      ],
      "upc": null,
      "processed_at": "2025-06-25T12:36:12.968240"
    },
    {
      "sku": "BALDOR_AP06A",
      "supplier_sku": "AP06A",
      "name": "LADY RED DELICIOUS 10 LB",
      "category": "Produce/Other",
      "brand": "Baldor",
      "supplier_id": "BALD001",
      "supplier_name": "Baldor Specialty Foods",
      "unit_size": "10 LB CTN",
      "unit_type": "case",
      "wholesale_price": 22.0,
      "retail_price": 22.0,
      "retail_unit_type": "lb",
      "retail_unit_size": "1",
      "retail_pack_size": "1",
      "retail_price_per_unit": 2.2,
      "retail_display": "$2.20/lb",
      "is_organic": false,
      "is_gluten_free": true,
      "is_vegan": true,
      "is_kosher": false,
      "is_non_gmo": false,
      "is_local": false,
      "is_imported": false,
      "search_terms": [
        "other",
        "lady",
        "red",
        "produce",
        "delicious"
      ],
      "upc": null,
      "processed_at": "2025-06-25T12:36:12.968248"
    },
    {
      "sku": "BALDOR_ICE1",
      "supplier_sku": "ICE1",
      "name": "ICEBERG CELLO 24 CT",
      "category": "Produce/Other",
      "brand": "Baldor",
      "supplier_id": "BALD001",
      "supplier_name": "Baldor Specialty Foods",
      "unit_size": "24 CT CTN",
      "unit_type": "case",
      "wholesale_price": 31.5,
      "retail_price": 31.5,
      "retail_unit_type": "each",
      "retail_unit_size": "1",
      "retail_pack_size": "1",
      "retail_price_per_unit": 1.31,
      "retail_display": "$1.31/each",
      "is_organic": false,
      "is_gluten_free": true,
      "is_vegan": true,
      "is_kosher": false,
      "is_non_gmo": false,
      "is_local": false,
      "is_imported": false,
      "search_terms": [
        "cello",
        "produce",
        "other",
        "iceberg"
      ],
      "upc": null,
      "processed_at": "2025-06-25T12:36:12.968256"
    },
    {
      "sku": "BALDOR_AP09A",
      "supplier_sku": "AP09A",
      "name": "HUDSON RIVER FRUIT RUBYFROST APPLES 50-60 CT",
      "category": "Produce/Fruit/Apples",
      "brand": "Baldor",
      "supplier_id": "BALD001",
      "supplier_name": "Baldor Specialty Foods",
      "unit_size": "50-60 CT CTN",
      "unit_type": "case",
      "wholesale_price": 55.75,
      "retail_price": 55.75,
      "retail_unit_type": "each",
      "retail_unit_size": "1",
      "retail_pack_size": "1",
      "retail_price_per_unit": 0.93,
      "retail_display": "$0.93/each",
      "is_organic": false,
      "is_gluten_free": true,
      "is_vegan": true,
      "is_kosher": false,
      "is_non_gmo": false,
      "is_local": false,
      "is_imported": false,
      "search_terms": [
        "river",
        "fruit",
        "hudson",
        "apples",
        "produce",
        "rubyfrost"
      ],
      "upc": null,
      "processed_at": "2025-06-25T12:36:12.968265"
    },
    {
      "sku": "BALDOR_ICE1AAA",
      "supplier_sku": "ICE1AAA",
      "name": "ICEBERG BABY 40 CT",
      "category": "Produce/Other",
      "brand": "Baldor",
      "supplier_id": "BALD001",
      "supplier_name": "Baldor Specialty Foods",
      "unit_size": "40 CT CTN",
      "unit_type": "case",
      "wholesale_price": 53.75,
      "retail_price": 53.75,
      "retail_unit_type": "each",
      "retail_unit_size": "1",
      "retail_pack_size": "1",
      "retail_price_per_unit": 1.34,
      "retail_display": "$1.34/each",
      "is_organic": false,
      "is_gluten_free": true,
      "is_vegan": true,
      "is_kosher": false,
      "is_non_gmo": false,
      "is_local": false,
      "is_imported": false,
      "search_terms": [
        "produce",
        "iceberg",
        "other",
        "baby"
      ],
      "upc": null,
      "processed_at": "2025-06-25T12:36:12.968273"
    },
    {
      "sku": "BALDOR_AP0912",
      "supplier_sku": "AP0912",
      "name": "HUDSON RIVER FRUIT RUBYFROST APPLES 12 X 2 LBS",
      "category": "Produce/Fruit/Apples",
      "brand": "Baldor",
      "supplier_id": "BALD001",
      "supplier_name": "Baldor Specialty Foods",
      "unit_size": "12 X 2 LBS CTN",
      "unit_type": "case",
      "wholesale_price": 38.0,
      "retail_price": 38.0,
      "retail_unit_type": "lb",
      "retail_unit_size": "1",
      "retail_pack_size": "1",
      "retail_price_per_unit": 19.0,
      "retail_display": "$19.00/lb",
      "is_organic": false,
      "is_gluten_free": true,
      "is_vegan": true,
      "is_kosher": false,
      "is_non_gmo": false,
      "is_local": false,
      "is_imported": false,
      "search_terms": [
        "lbs",
        "river",
        "fruit",
        "hudson",
        "apples",
        "produce",
        "rubyfrost"
      ],
      "upc": null,
      "processed_at": "2025-06-25T12:36:12.968282"
    },
    {
      "sku": "BALDOR_LET",
      "supplier_sku": "LET",
      "name": "LETTUCE RED LEAF 24 CT",
      "category": "Produce/Vegetables/Lettuce",
      "brand": "Baldor",
      "supplier_id": "BALD001",
      "supplier_name": "Baldor Specialty Foods",
      "unit_size": "24 CT CTN",
      "unit_type": "case",
      "wholesale_price": 26.0,
      "retail_price": 26.0,
      "retail_unit_type": "each",
      "retail_unit_size": "1",
      "retail_pack_size": "1",
      "retail_price_per_unit": 1.08,
      "retail_display": "$1.08/each",
      "is_organic": false,
      "is_gluten_free": true,
      "is_vegan": true,
      "is_kosher": false,
      "is_non_gmo": false,
      "is_local": false,
      "is_imported": false,
      "search_terms": [
        "leaf",
        "vegetables",
        "lettuce",
        "red",
        "produce"
      ],
      "upc": null,
      "processed_at": "2025-06-25T12:36:12.968290"
    },
    {
      "sku": "BALDOR_AP1",
      "supplier_sku": "AP1",
      "name": "GOLDEN DELICIOUS 80-88 CT",
      "category": "Produce/Other",
      "brand": "Baldor",
      "supplier_id": "BALD001",
      "supplier_name": "Baldor Specialty Foods",
      "unit_size": "80-88 CT CTN",
      "unit_type": "case",
      "wholesale_price": 57.5,
      "retail_price": 57.5,
      "retail_unit_type": "each",
      "retail_unit_size": "1",
      "retail_pack_size": "1",
      "retail_price_per_unit": 0.65,
      "retail_display": "$0.65/each",
      "is_organic": false,
      "is_gluten_free": true,
      "is_vegan": true,
      "is_kosher": false,
      "is_non_gmo": false,
      "is_local": false,
      "is_imported": false,
      "search_terms": [
        "produce",
        "golden",
        "other",
        "delicious"
      ],
      "upc": null,
      "processed_at": "2025-06-25T12:36:12.968299"
    },
    {
      "sku": "BALDOR_LET1",
      "supplier_sku": "LET1",
      "name": "LETTUCE GREEN LEAF 24 CT",
      "category": "Produce/Vegetables/Lettuce",
      "brand": "Baldor",
      "supplier_id": "BALD001",
      "supplier_name": "Baldor Specialty Foods",
      "unit_size": "24 CT CTN",
      "unit_type": "case",
      "wholesale_price": 26.0,
      "retail_price": 26.0,
      "retail_unit_type": "each",
      "retail_unit_size": "1",
      "retail_pack_size": "1",
      "retail_price_per_unit": 1.08,
      "retail_display": "$1.08/each",
      "is_organic": false,
      "is_gluten_free": true,
      "is_vegan": true,
      "is_kosher": false,
      "is_non_gmo": false,
      "is_local": false,
      "is_imported": false,
      "search_terms": [
        "leaf",
        "vegetables",
        "lettuce",
        "produce",
        "green"
      ],
      "upc": null,
      "processed_at": "2025-06-25T12:36:12.968307"
    },
    {
      "sku": "BALDOR_AP12",
      "supplier_sku": "AP12",
      "name": "HUDSON RIVER FRUIT GOLDEN DELICIOUS APPLES 80-88 CT",
      "category": "Produce/Fruit/Apples",
      "brand": "Baldor",
      "supplier_id": "BALD001",
      "supplier_name": "Baldor Specialty Foods",
      "unit_size": "80-88 CT CTN",
      "unit_type": "case",
      "wholesale_price": 53.25,
      "retail_price": 53.25,
      "retail_unit_type": "each",
      "retail_unit_size": "1",
      "retail_pack_size": "1",
      "retail_price_per_unit": 0.61,
      "retail_display": "$0.61/each",
      "is_organic": false,
      "is_gluten_free": true,
      "is_vegan": true,
      "is_kosher": false,
      "is_non_gmo": false,
      "is_local": false,
      "is_imported": false,
      "search_terms": [
        "river",
        "fruit",
        "hudson",
        "apples",
        "produce",
        "golden",
        "delicious"
      ],
      "upc": null,
      "processed_at": "2025-06-25T12:36:12.968318"
    },
    {
      "sku": "BALDOR_LET11A",
      "supplier_sku": "LET11A",
      "name": "SALAD MIX GREEN LEAF 3 LB LITTLE LEAF FARMS LCL",
      "category": "Produce/Other",
      "brand": "Baldor",
      "supplier_id": "BALD001",
      "supplier_name": "Baldor Specialty Foods",
      "unit_size": "3 LB CTN",
      "unit_type": "case",
      "wholesale_price": 24.0,
      "retail_price": 24.0,
      "retail_unit_type": "lb",
      "retail_unit_size": "1",
      "retail_pack_size": "1",
      "retail_price_per_unit": 8.0,
      "retail_display": "$8.00/lb",
      "is_organic": false,
      "is_gluten_free": true,
      "is_vegan": true,
      "is_kosher": false,
      "is_non_gmo": false,
      "is_local": true,
      "is_imported": false,
      "search_terms": [
        "salad",
        "leaf",
        "little",
        "farms",
        "other",
        "produce",
        "green",
        "lcl",
        "mix"
      ],
      "upc": null,
      "processed_at": "2025-06-25T12:36:12.968327"
    },
    {
      "sku": "BALDOR_AP2",
      "supplier_sku": "AP2",
      "name": "GRANNY SMITH 80-88 CT",
      "category": "Produce/Other",
      "brand": "Baldor",
      "supplier_id": "BALD001",
      "supplier_name": "Baldor Specialty Foods",
      "unit_size": "80-88 CT CTN",
      "unit_type": "case",
      "wholesale_price": 48.75,
      "retail_price": 48.75,
      "retail_unit_type": "each",
      "retail_unit_size": "1",
      "retail_pack_size": "1",
      "retail_price_per_unit": 0.55,
      "retail_display": "$0.55/each",
      "is_organic": false,
      "is_gluten_free": true,
      "is_vegan": true,
      "is_kosher": false,
      "is_non_gmo": false,
      "is_local": false,
      "is_imported": false,
      "search_terms": [
        "smith",
        "granny",
        "produce",
        "other"
      ],
      "upc": null,
      "processed_at": "2025-06-25T12:36:12.968336"
    },
    {
      "sku": "BALDOR_LET3AA",
      "supplier_sku": "LET3AA",
      "name": "LETTUCE BOSTON HYDRO DUO CLAMS 6X2 CT",
      "category": "Produce/Vegetables/Lettuce",
      "brand": "Baldor",
      "supplier_id": "BALD001",
      "supplier_name": "Baldor Specialty Foods",
      "unit_size": "2 CT CTN",
      "unit_type": "case",
      "wholesale_price": 20.75,
      "retail_price": 20.75,
      "retail_unit_type": "each",
      "retail_unit_size": "1",
      "retail_pack_size": "1",
      "retail_price_per_unit": 10.38,
      "retail_display": "$10.38/each",
      "is_organic": false,
      "is_gluten_free": true,
      "is_vegan": true,
      "is_kosher": false,
      "is_non_gmo": false,
      "is_local": false,
      "is_imported": false,
      "search_terms": [
        "clams",
        "hydro",
        "vegetables",
        "duo",
        "lettuce",
        "produce",
        "6x2",
        "boston"
      ],
      "upc": null,
      "processed_at": "2025-06-25T12:36:12.968345"
    },
    {
      "sku": "BALDOR_AP20",
      "supplier_sku": "AP20",
      "name": "GRANNY SMITH APPLES ( NO STICKERS) 100 CT",
      "category": "Produce/Fruit/Apples",
      "brand": "Baldor",
      "supplier_id": "BALD001",
      "supplier_name": "Baldor Specialty Foods",
      "unit_size": "100 CT CTN",
      "unit_type": "case",
      "wholesale_price": 48.25,
      "retail_price": 48.25,
      "retail_unit_type": "each",
      "retail_unit_size": "1",
      "retail_pack_size": "1",
      "retail_price_per_unit": 0.48,
      "retail_display": "$0.48/each",
      "is_organic": false,
      "is_gluten_free": true,
      "is_vegan": true,
      "is_kosher": false,
      "is_non_gmo": false,
      "is_local": false,
      "is_imported": false,
      "search_terms": [
        "smith",
        "granny",
        "stickers)",
        "fruit",
        "apples",
        "produce",
        "100"
      ],
      "upc": null,
      "processed_at": "2025-06-25T12:36:12.968354"
    },
    {
      "sku": "BALDOR_LET3AAA",
      "supplier_sku": "LET3AAA",
      "name": "LETTUCE BOSTON HYDRO 12 CT",
      "category": "Produce/Vegetables/Lettuce",
      "brand": "Baldor",
      "supplier_id": "BALD001",
      "supplier_name": "Baldor Specialty Foods",
      "unit_size": "12 CT CTN",
      "unit_type": "case",
      "wholesale_price": 20.75,
      "retail_price": 20.75,
      "retail_unit_type": "each",
      "retail_unit_size": "1",
      "retail_pack_size": "1",
      "retail_price_per_unit": 1.73,
      "retail_display": "$1.73/each",
      "is_organic": false,
      "is_gluten_free": true,
      "is_vegan": true,
      "is_kosher": false,
      "is_non_gmo": false,
      "is_local": false,
      "is_imported": false,
      "search_terms": [
        "hydro",
        "vegetables",
        "lettuce",
        "produce",
        "boston"
      ],
      "upc": null,
      "processed_at": "2025-06-25T12:36:12.968362"
    },
    {
      "sku": "BALDOR_AP21",
      "supplier_sku": "AP21",
      "name": "GRANNY SMITH 100 CT",
      "category": "Produce/Other",
      "brand": "Baldor",
      "supplier_id": "BALD001",
      "supplier_name": "Baldor Specialty Foods",
      "unit_size": "100 CT CTN",
      "unit_type": "case",
      "wholesale_price": 47.25,
      "retail_price": 47.25,
      "retail_unit_type": "each",
      "retail_unit_size": "1",
      "retail_pack_size": "1",
      "retail_price_per_unit": 0.47,
      "retail_display": "$0.47/each",
      "is_organic": false,
      "is_gluten_free": true,
      "is_vegan": true,
      "is_kosher": false,
      "is_non_gmo": false,
      "is_local": false,
      "is_imported": false,
      "search_terms": [
        "smith",
        "granny",
        "other",
        "produce",
        "100"
      ],
      "upc": null,
      "processed_at": "2025-06-25T12:36:12.968371"
    },
    {
      "sku": "BALDOR_LET4",
      "supplier_sku": "LET4",
      "name": "LETTUCE ARTISAN RETAIL 6X4 CT T&A",
      "category": "Produce/Vegetables/Lettuce",
      "brand": "Baldor",
      "supplier_id": "BALD001",
      "supplier_name": "Baldor Specialty Foods",
      "unit_size": "4 CT CTN",
      "unit_type": "case",
      "wholesale_price": 22.0,
      "retail_price": 22.0,
      "retail_unit_type": "each",
      "retail_unit_size": "1",
      "retail_pack_size": "1",
      "retail_price_per_unit": 5.5,
      "retail_display": "$5.50/each",
      "is_organic": false,
      "is_gluten_free": true,
      "is_vegan": true,
      "is_kosher": false,
      "is_non_gmo": false,
      "is_local": false,
      "is_imported": false,
      "search_terms": [
        "vegetables",
        "lettuce",
        "produce",
        "t&a",
        "artisan",
        "6x4",
        "retail"
      ],
      "upc": null,
      "processed_at": "2025-06-25T12:36:12.968379"
    },
    {
      "sku": "BALDOR_AP21AA",
      "supplier_sku": "AP21AA",
      "name": "GRANNY SMITH JUICING 38 LB",
      "category": "Produce/Other",
      "brand": "Baldor",
      "supplier_id": "BALD001",
      "supplier_name": "Baldor Specialty Foods",
      "unit_size": "38 LB CTN",
      "unit_type": "case",
      "wholesale_price": 42.25,
      "retail_price": 42.25,
      "retail_unit_type": "lb",
      "retail_unit_size": "1",
      "retail_pack_size": "1",
      "retail_price_per_unit": 1.11,
      "retail_display": "$1.11/lb",
      "is_organic": false,
      "is_gluten_free": true,
      "is_vegan": true,
      "is_kosher": false,
      "is_non_gmo": false,
      "is_local": false,
      "is_imported": false,
      "search_terms": [
        "smith",
        "granny",
        "juicing",
        "other",
        "produce"
      ],
      "upc": null,
      "processed_at": "2025-06-25T12:36:12.968386"
    },
    {
      "sku": "BALDOR_LET4.5",
      "supplier_sku": "LET4.5",
      "name": "LETTUCE BOSTON 24 CT",
      "category": "Produce/Vegetables/Lettuce",
      "brand": "Baldor",
      "supplier_id": "BALD001",
      "supplier_name": "Baldor Specialty Foods",
      "unit_size": "24 CT CTN",
      "unit_type": "case",
      "wholesale_price": 25.0,
      "retail_price": 25.0,
      "retail_unit_type": "each",
      "retail_unit_size": "1",
      "retail_pack_size": "1",
      "retail_price_per_unit": 1.04,
      "retail_display": "$1.04/each",
      "is_organic": false,
      "is_gluten_free": true,
      "is_vegan": true,
      "is_kosher": false,
      "is_non_gmo": false,
      "is_local": false,
      "is_imported": false,
      "search_terms": [
        "produce",
        "vegetables",
        "boston",
        "lettuce"
      ],
      "upc": null,
      "processed_at": "2025-06-25T12:36:12.968398"
    },
    {
      "sku": "BALDOR_AP24A",
      "supplier_sku": "AP24A",
      "name": "LADY GRANNY SMITH 10 LB",
      "category": "Produce/Other",
      "brand": "Baldor",
      "supplier_id": "BALD001",
      "supplier_name": "Baldor Specialty Foods",
      "unit_size": "10 LB CTN",
      "unit_type": "case",
      "wholesale_price": 27.25,
      "retail_price": 27.25,
      "retail_unit_type": "lb",
      "retail_unit_size": "1",
      "retail_pack_size": "1",
      "retail_price_per_unit": 2.73,
      "retail_display": "$2.73/lb",
      "is_organic": false,
      "is_gluten_free": true,
      "is_vegan": true,
      "is_kosher": false,
      "is_non_gmo": false,
      "is_local": false,
      "is_imported": false,
      "search_terms": [
        "smith",
        "granny",
        "other",
        "lady",
        "produce"
      ],
      "upc": null,
      "processed_at": "2025-06-25T12:36:12.968406"
    },
    {
      "sku": "BALDOR_LET451CB",
      "supplier_sku": "LET451CB",
      "name": "LETTUCE LITTLE GEM 8X4 CT CHURCH BROS",
      "category": "Produce/Vegetables/Lettuce",
      "brand": "Baldor",
      "supplier_id": "BALD001",
      "supplier_name": "Baldor Specialty Foods",
      "unit_size": "4 CT CTN",
      "unit_type": "case",
      "wholesale_price": 26.25,
      "retail_price": 26.25,
      "retail_unit_type": "each",
      "retail_unit_size": "1",
      "retail_pack_size": "1",
      "retail_price_per_unit": 6.56,
      "retail_display": "$6.56/each",
      "is_organic": false,
      "is_gluten_free": true,
      "is_vegan": true,
      "is_kosher": false,
      "is_non_gmo": false,
      "is_local": false,
      "is_imported": false,
      "search_terms": [
        "vegetables",
        "little",
        "lettuce",
        "8x4",
        "church",
        "produce",
        "gem",
        "bros"
      ],
      "upc": null,
      "processed_at": "2025-06-25T12:36:12.968414"
    },
    {
      "sku": "BALDOR_AP3",
      "supplier_sku": "AP3",
      "name": "MCINTOSH APPLES 80 CT",
      "category": "Produce/Fruit/Apples",
      "brand": "Baldor",
      "supplier_id": "BALD001",
      "supplier_name": "Baldor Specialty Foods",
      "unit_size": "80 CT CTN",
      "unit_type": "case",
      "wholesale_price": 57.5,
      "retail_price": 57.5,
      "retail_unit_type": "each",
      "retail_unit_size": "1",
      "retail_pack_size": "1",
      "retail_price_per_unit": 0.72,
      "retail_display": "$0.72/each",
      "is_organic": false,
      "is_gluten_free": true,
      "is_vegan": true,
      "is_kosher": false,
      "is_non_gmo": false,
      "is_local": false,
      "is_imported": false,
      "search_terms": [
        "fruit",
        "produce",
        "apples",
        "mcintosh"
      ],
      "upc": null,
      "processed_at": "2025-06-25T12:36:12.968422"
    },
    {
      "sku": "BALDOR_LET45AB",
      "supplier_sku": "LET45AB",
      "name": "LETTUCE BOSTON ANDY BOY 24 CT DARRIGO",
      "category": "Produce/Vegetables/Lettuce",
      "brand": "Baldor",
      "supplier_id": "BALD001",
      "supplier_name": "Baldor Specialty Foods",
      "unit_size": "24 CT CTN",
      "unit_type": "case",
      "wholesale_price": 28.0,
      "retail_price": 28.0,
      "retail_unit_type": "each",
      "retail_unit_size": "1",
      "retail_pack_size": "1",
      "retail_price_per_unit": 1.17,
      "retail_display": "$1.17/each",
      "is_organic": false,
      "is_gluten_free": true,
      "is_vegan": true,
      "is_kosher": false,
      "is_non_gmo": false,
      "is_local": false,
      "is_imported": false,
      "search_terms": [
        "andy",
        "vegetables",
        "lettuce",
        "darrigo",
        "produce",
        "boy",
        "boston"
      ],
      "upc": null,
      "processed_at": "2025-06-25T12:36:12.968431"
    },
    {
      "sku": "BALDOR_AP33",
      "supplier_sku": "AP33",
      "name": "PINK LADY 80-88 CT",
      "category": "Produce/Other",
      "brand": "Baldor",
      "supplier_id": "BALD001",
      "supplier_name": "Baldor Specialty Foods",
      "unit_size": "80-88 CT CTN",
      "unit_type": "case",
      "wholesale_price": 46.5,
      "retail_price": 46.5,
      "retail_unit_type": "each",
      "retail_unit_size": "1",
      "retail_pack_size": "1",
      "retail_price_per_unit": 0.53,
      "retail_display": "$0.53/each",
      "is_organic": false,
      "is_gluten_free": true,
      "is_vegan": true,
      "is_kosher": false,
      "is_non_gmo": false,
      "is_local": false,
      "is_imported": false,
      "search_terms": [
        "other",
        "pink",
        "produce",
        "lady"
      ],
      "upc": null,
      "processed_at": "2025-06-25T12:36:12.968439"
    },
    {
      "sku": "BALDOR_LET4A",
      "supplier_sku": "LET4A",
      "name": "LETTUCE ARTISAN FOOD SERVICE 8 LB T&A",
      "category": "Produce/Vegetables/Lettuce",
      "brand": "Baldor",
      "supplier_id": "BALD001",
      "supplier_name": "Baldor Specialty Foods",
      "unit_size": "8 LB CTN",
      "unit_type": "case",
      "wholesale_price": 24.5,
      "retail_price": 24.5,
      "retail_unit_type": "lb",
      "retail_unit_size": "1",
      "retail_pack_size": "1",
      "retail_price_per_unit": 3.06,
      "retail_display": "$3.06/lb",
      "is_organic": false,
      "is_gluten_free": true,
      "is_vegan": true,
      "is_kosher": false,
      "is_non_gmo": false,
      "is_local": false,
      "is_imported": false,
      "search_terms": [
        "vegetables",
        "lettuce",
        "produce",
        "t&a",
        "service",
        "artisan",
        "food"
      ],
      "upc": null,
      "processed_at": "2025-06-25T12:36:12.968447"
    },
    {
      "sku": "BALDOR_AP34AA",
      "supplier_sku": "AP34AA",
      "name": "HONEYCRISP APPLES 100 CT",
      "category": "Produce/Fruit/Apples",
      "brand": "Baldor",
      "supplier_id": "BALD001",
      "supplier_name": "Baldor Specialty Foods",
      "unit_size": "100 CT CTN",
      "unit_type": "case",
      "wholesale_price": 81.25,
      "retail_price": 81.25,
      "retail_unit_type": "each",
      "retail_unit_size": "1",
      "retail_pack_size": "1",
      "retail_price_per_unit": 0.81,
      "retail_display": "$0.81/each",
      "is_organic": false,
      "is_gluten_free": true,
      "is_vegan": true,
      "is_kosher": false,
      "is_non_gmo": false,
      "is_local": false,
      "is_imported": false,
      "search_terms": [
        "honeycrisp",
        "fruit",
        "apples",
        "produce",
        "100"
      ],
      "upc": null,
      "processed_at": "2025-06-25T12:36:12.968455"
    },
    {
      "sku": "BALDOR_LET4SH",
      "supplier_sku": "LET4SH",
      "name": "LITTLE GEM SWEET HEARTS 60 CT",
      "category": "Produce/Other",
      "brand": "Baldor",
      "supplier_id": "BALD001",
      "supplier_name": "Baldor Specialty Foods",
      "unit_size": "60 CT CTN",
      "unit_type": "case",
      "wholesale_price": 38.0,
      "retail_price": 38.0,
      "retail_unit_type": "each",
      "retail_unit_size": "1",
      "retail_pack_size": "1",
      "retail_price_per_unit": 0.63,
      "retail_display": "$0.63/each",
      "is_organic": false,
      "is_gluten_free": true,
      "is_vegan": true,
      "is_kosher": false,
      "is_non_gmo": false,
      "is_local": false,
      "is_imported": false,
      "search_terms": [
        "little",
        "other",
        "produce",
        "hearts",
        "gem",
        "sweet"
      ],
      "upc": null,
      "processed_at": "2025-06-25T12:36:12.968464"
    },
    {
      "sku": "BALDOR_AP34ALCL",
      "supplier_sku": "AP34ALCL",
      "name": "HESS BROTHER'S FRUIT COMPANY HONEYCRISP APPLES 64-72 CT",
      "category": "Produce/Fruit/Apples",
      "brand": "Baldor",
      "supplier_id": "BALD001",
      "supplier_name": "Baldor Specialty Foods",
      "unit_size": "64-72 CT CTN",
      "unit_type": "case",
      "wholesale_price": 96.25,
      "retail_price": 96.25,
      "retail_unit_type": "each",
      "retail_unit_size": "1",
      "retail_pack_size": "1",
      "retail_price_per_unit": 1.34,
      "retail_display": "$1.34/each",
      "is_organic": false,
      "is_gluten_free": true,
      "is_vegan": true,
      "is_kosher": false,
      "is_non_gmo": false,
      "is_local": false,
      "is_imported": false,
      "search_terms": [
        "honeycrisp",
        "fruit",
        "apples",
        "company",
        "hess",
        "produce",
        "brother's"
      ],
      "upc": null,
      "processed_at": "2025-06-25T12:36:12.968474"
    },
    {
      "sku": "BALDOR_MES",
      "supplier_sku": "MES",
      "name": "MESCLUN 3 LB",
      "category": "Produce/Other",
      "brand": "Baldor",
      "supplier_id": "BALD001",
      "supplier_name": "Baldor Specialty Foods",
      "unit_size": "3 LB CTN",
      "unit_type": "case",
      "wholesale_price": 9.0,
      "retail_price": 9.0,
      "retail_unit_type": "lb",
      "retail_unit_size": "1",
      "retail_pack_size": "1",
      "retail_price_per_unit": 3.0,
      "retail_display": "$3.00/lb",
      "is_organic": false,
      "is_gluten_free": true,
      "is_vegan": true,
      "is_kosher": false,
      "is_non_gmo": false,
      "is_local": false,
      "is_imported": false,
      "search_terms": [
        "mesclun",
        "produce",
        "other"
      ],
      "upc": null,
      "processed_at": "2025-06-25T12:36:12.968481"
    },
    {
      "sku": "BALDOR_AP34B12",
      "supplier_sku": "AP34B12",
      "name": "HUDSON RIVER FRUIT SNAP DRAGON APPLES 2 X 2 LBS",
      "category": "Produce/Fruit/Apples",
      "brand": "Baldor",
      "supplier_id": "BALD001",
      "supplier_name": "Baldor Specialty Foods",
      "unit_size": "12 X 2 LBS CTN",
      "unit_type": "case",
      "wholesale_price": 40.25,
      "retail_price": 40.25,
      "retail_unit_type": "lb",
      "retail_unit_size": "1",
      "retail_pack_size": "1",
      "retail_price_per_unit": 20.12,
      "retail_display": "$20.12/lb",
      "is_organic": false,
      "is_gluten_free": true,
      "is_vegan": true,
      "is_kosher": false,
      "is_non_gmo": false,
      "is_local": false,
      "is_imported": false,
      "search_terms": [
        "lbs",
        "river",
        "dragon",
        "fruit",
        "hudson",
        "apples",
        "produce",
        "snap"
      ],
      "upc": null,
      "processed_at": "2025-06-25T12:36:12.968490"
    },
    {
      "sku": "BALDOR_MES11E",
      "supplier_sku": "MES11E",
      "name": "MESCLUN 6X2 LB LITTLE LEAF FARMS LCL",
      "category": "Produce/Other",
      "brand": "Baldor",
      "supplier_id": "BALD001",
      "supplier_name": "Baldor Specialty Foods",
      "unit_size": "2 LB CTN",
      "unit_type": "case",
      "wholesale_price": 96.75,
      "retail_price": 96.75,
      "retail_unit_type": "lb",
      "retail_unit_size": "1",
      "retail_pack_size": "1",
      "retail_price_per_unit": 48.38,
      "retail_display": "$48.38/lb",
      "is_organic": false,
      "is_gluten_free": true,
      "is_vegan": true,
      "is_kosher": false,
      "is_non_gmo": false,
      "is_local": true,
      "is_imported": false,
      "search_terms": [
        "mesclun",
        "leaf",
        "little",
        "farms",
        "other",
        "produce",
        "6x2",
        "lcl"
      ],
      "upc": null,
      "processed_at": "2025-06-25T12:36:12.968498"
    },
    {
      "sku": "BALDOR_AP34D",
      "supplier_sku": "AP34D",
      "name": "HONEYCRISP 80-88 CT",
      "category": "Produce/Other",
      "brand": "Baldor",
      "supplier_id": "BALD001",
      "supplier_name": "Baldor Specialty Foods",
      "unit_size": "80-88 CT CTN",
      "unit_type": "case",
      "wholesale_price": 74.75,
      "retail_price": 74.75,
      "retail_unit_type": "each",
      "retail_unit_size": "1",
      "retail_pack_size": "1",
      "retail_price_per_unit": 0.85,
      "retail_display": "$0.85/each",
      "is_organic": false,
      "is_gluten_free": true,
      "is_vegan": true,
      "is_kosher": false,
      "is_non_gmo": false,
      "is_local": false,
      "is_imported": false,
      "search_terms": [
        "produce",
        "honeycrisp",
        "other"
      ],
      "upc": null,
      "processed_at": "2025-06-25T12:36:12.968507"
    },
    {
      "sku": "BALDOR_MES12",
      "supplier_sku": "MES12",
      "name": "SALAD MIX ARCADIAN HARVEST 3 LB MANN PACKING",
      "category": "Produce/Other",
      "brand": "Baldor",
      "supplier_id": "BALD001",
      "supplier_name": "Baldor Specialty Foods",
      "unit_size": "3 LB CTN",
      "unit_type": "case",
      "wholesale_price": 12.0,
      "retail_price": 12.0,
      "retail_unit_type": "lb",
      "retail_unit_size": "1",
      "retail_pack_size": "1",
      "retail_price_per_unit": 4.0,
      "retail_display": "$4.00/lb",
      "is_organic": false,
      "is_gluten_free": true,
      "is_vegan": true,
      "is_kosher": false,
      "is_non_gmo": false,
      "is_local": false,
      "is_imported": false,
      "search_terms": [
        "mann",
        "salad",
        "packing",
        "other",
        "produce",
        "arcadian",
        "harvest",
        "mix"
      ],
      "upc": null,
      "processed_at": "2025-06-25T12:36:12.968515"
    },
    {
      "sku": "BALDOR_AP34RT",
      "supplier_sku": "AP34RT",
      "name": "HUNNYZ APPLES 64-72 CT",
      "category": "Produce/Fruit/Apples",
      "brand": "Baldor",
      "supplier_id": "BALD001",
      "supplier_name": "Baldor Specialty Foods",
      "unit_size": "64-72 CT CTN",
      "unit_type": "case",
      "wholesale_price": 96.25,
      "retail_price": 96.25,
      "retail_unit_type": "each",
      "retail_unit_size": "1",
      "retail_pack_size": "1",
      "retail_price_per_unit": 1.34,
      "retail_display": "$1.34/each",
      "is_organic": false,
      "is_gluten_free": true,
      "is_vegan": true,
      "is_kosher": false,
      "is_non_gmo": false,
      "is_local": false,
      "is_imported": false,
      "search_terms": [
        "fruit",
        "produce",
        "apples",
        "hunnyz"
      ],
      "upc": null,
      "processed_at": "2025-06-25T12:36:12.968524"
    },
    {
      "sku": "BALDOR_MES13",
      "supplier_sku": "MES13",
      "name": "SALAD MIX ARCADIAN HARVEST 4X3 LB MANN PACKING",
      "category": "Produce/Other",
      "brand": "Baldor",
      "supplier_id": "BALD001",
      "supplier_name": "Baldor Specialty Foods",
      "unit_size": "3 LB CTN",
      "unit_type": "case",
      "wholesale_price": 36.0,
      "retail_price": 36.0,
      "retail_unit_type": "lb",
      "retail_unit_size": "1",
      "retail_pack_size": "1",
      "retail_price_per_unit": 12.0,
      "retail_display": "$12.00/lb",
      "is_organic": false,
      "is_gluten_free": true,
      "is_vegan": true,
      "is_kosher": false,
      "is_non_gmo": false,
      "is_local": false,
      "is_imported": false,
      "search_terms": [
        "mann",
        "salad",
        "4x3",
        "packing",
        "other",
        "produce",
        "arcadian",
        "harvest",
        "mix"
      ],
      "upc": null,
      "processed_at": "2025-06-25T12:36:12.968532"
    },
    {
      "sku": "BALDOR_AP38",
      "supplier_sku": "AP38",
      "name": "HUDSON RIVER FRUIT EVERCRISP APPLES 72-80 CT",
      "category": "Produce/Fruit/Apples",
      "brand": "Baldor",
      "supplier_id": "BALD001",
      "supplier_name": "Baldor Specialty Foods",
      "unit_size": "72-80 CT CTN",
      "unit_type": "case",
      "wholesale_price": 49.0,
      "retail_price": 49.0,
      "retail_unit_type": "each",
      "retail_unit_size": "1",
      "retail_pack_size": "1",
      "retail_price_per_unit": 0.61,
      "retail_display": "$0.61/each",
      "is_organic": false,
      "is_gluten_free": true,
      "is_vegan": true,
      "is_kosher": false,
      "is_non_gmo": false,
      "is_local": false,
      "is_imported": false,
      "search_terms": [
        "river",
        "fruit",
        "hudson",
        "apples",
        "evercrisp",
        "produce"
      ],
      "upc": null,
      "processed_at": "2025-06-25T12:36:12.968541"
    },
    {
      "sku": "BALDOR_MES13A",
      "supplier_sku": "MES13A",
      "name": "VEGGIE POWER BLEND 4X2 LB MANN PACKING",
      "category": "Produce/Other",
      "brand": "Baldor",
      "supplier_id": "BALD001",
      "supplier_name": "Baldor Specialty Foods",
      "unit_size": "2 LB CTN",
      "unit_type": "case",
      "wholesale_price": 40.75,
      "retail_price": 40.75,
      "retail_unit_type": "lb",
      "retail_unit_size": "1",
      "retail_pack_size": "1",
      "retail_price_per_unit": 20.38,
      "retail_display": "$20.38/lb",
      "is_organic": false,
      "is_gluten_free": true,
      "is_vegan": true,
      "is_kosher": false,
      "is_non_gmo": false,
      "is_local": false,
      "is_imported": false,
      "search_terms": [
        "mann",
        "blend",
        "packing",
        "other",
        "4x2",
        "produce",
        "veggie",
        "power"
      ],
      "upc": null,
      "processed_at": "2025-06-25T12:36:12.968550"
    },
    {
      "sku": "BALDOR_AP40",
      "supplier_sku": "AP40",
      "name": "HUDSON RIVER FRUIT ROME APPLES 80-88 CT",
      "category": "Produce/Fruit/Apples",
      "brand": "Baldor",
      "supplier_id": "BALD001",
      "supplier_name": "Baldor Specialty Foods",
      "unit_size": "80-88 CT CTN",
      "unit_type": "case",
      "wholesale_price": 42.25,
      "retail_price": 42.25,
      "retail_unit_type": "each",
      "retail_unit_size": "1",
      "retail_pack_size": "1",
      "retail_price_per_unit": 0.48,
      "retail_display": "$0.48/each",
      "is_organic": false,
      "is_gluten_free": true,
      "is_vegan": true,
      "is_kosher": false,
      "is_non_gmo": false,
      "is_local": false,
      "is_imported": false,
      "search_terms": [
        "river",
        "fruit",
        "hudson",
        "apples",
        "produce",
        "rome"
      ],
      "upc": null,
      "processed_at": "2025-06-25T12:36:12.968559"
    },
    {
      "sku": "BALDOR_ROM",
      "supplier_sku": "ROM",
      "name": "ROMAINE CARDBOARD 24 CT",
      "category": "Produce/Other",
      "brand": "Baldor",
      "supplier_id": "BALD001",
      "supplier_name": "Baldor Specialty Foods",
      "unit_size": "24 CT CTN",
      "unit_type": "case",
      "wholesale_price": 28.25,
      "retail_price": 28.25,
      "retail_unit_type": "each",
      "retail_unit_size": "1",
      "retail_pack_size": "1",
      "retail_price_per_unit": 1.18,
      "retail_display": "$1.18/each",
      "is_organic": false,
      "is_gluten_free": true,
      "is_vegan": true,
      "is_kosher": false,
      "is_non_gmo": false,
      "is_local": false,
      "is_imported": false,
      "search_terms": [
        "other",
        "cardboard",
        "produce",
        "romaine"
      ],
      "upc": null,
      "processed_at": "2025-06-25T12:36:12.968567"
    },
    {
      "sku": "BALDOR_AP4A",
      "supplier_sku": "AP4A",
      "name": "HUDSON RIVER FRUIT SNAP DRAGON APPLES 50-65 CT",
      "category": "Produce/Fruit/Apples",
      "brand": "Baldor",
      "supplier_id": "BALD001",
      "supplier_name": "Baldor Specialty Foods",
      "unit_size": "50-65 CT CTN",
      "unit_type": "case",
      "wholesale_price": 48.75,
      "retail_price": 48.75,
      "retail_unit_type": "each",
      "retail_unit_size": "1",
      "retail_pack_size": "1",
      "retail_price_per_unit": 0.75,
      "retail_display": "$0.75/each",
      "is_organic": false,
      "is_gluten_free": true,
      "is_vegan": true,
      "is_kosher": false,
      "is_non_gmo": false,
      "is_local": false,
      "is_imported": false,
      "search_terms": [
        "river",
        "dragon",
        "fruit",
        "hudson",
        "apples",
        "produce",
        "snap"
      ],
      "upc": null,
      "processed_at": "2025-06-25T12:36:12.968578"
    },
    {
      "sku": "BALDOR_ROM2",
      "supplier_sku": "ROM2",
      "name": "ROMAINE HEARTS 12X3 CT",
      "category": "Produce/Other",
      "brand": "Baldor",
      "supplier_id": "BALD001",
      "supplier_name": "Baldor Specialty Foods",
      "unit_size": "12X3 CT CTN",
      "unit_type": "case",
      "wholesale_price": 31.75,
      "retail_price": 31.75,
      "retail_unit_type": "each",
      "retail_unit_size": "1",
      "retail_pack_size": "1",
      "retail_price_per_unit": 10.58,
      "retail_display": "$10.58/each",
      "is_organic": false,
      "is_gluten_free": true,
      "is_vegan": true,
      "is_kosher": false,
      "is_non_gmo": false,
      "is_local": false,
      "is_imported": false,
      "search_terms": [
        "other",
        "romaine",
        "produce",
        "hearts",
        "12x3"
      ],
      "upc": null,
      "processed_at": "2025-06-25T12:36:12.968586"
    },
    {
      "sku": "BALDOR_AP4D",
      "supplier_sku": "AP4D",
      "name": "GALA 100 CT HUDSON RIVER FRUIT LCL",
      "category": "Produce/Other",
      "brand": "Baldor",
      "supplier_id": "BALD001",
      "supplier_name": "Baldor Specialty Foods",
      "unit_size": "100 CT CTN",
      "unit_type": "case",
      "wholesale_price": 47.75,
      "retail_price": 47.75,
      "retail_unit_type": "each",
      "retail_unit_size": "1",
      "retail_pack_size": "1",
      "retail_price_per_unit": 0.48,
      "retail_display": "$0.48/each",
      "is_organic": false,
      "is_gluten_free": true,
      "is_vegan": true,
      "is_kosher": false,
      "is_non_gmo": false,
      "is_local": true,
      "is_imported": false,
      "search_terms": [
        "river",
        "fruit",
        "hudson",
        "other",
        "gala",
        "produce",
        "100",
        "lcl"
      ],
      "upc": null,
      "processed_at": "2025-06-25T12:36:12.968596"
    },
    {
      "sku": "BALDOR_ROM2.OM",
      "supplier_sku": "ROM2.OM",
      "name": "ROMAINE HEARTS 12X3 LB OCEAN MIST",
      "category": "Produce/Other",
      "brand": "Baldor",
      "supplier_id": "BALD001",
      "supplier_name": "Baldor Specialty Foods",
      "unit_size": "12X3 CT CTN",
      "unit_type": "case",
      "wholesale_price": 35.25,
      "retail_price": 35.25,
      "retail_unit_type": "each",
      "retail_unit_size": "1",
      "retail_pack_size": "1",
      "retail_price_per_unit": 11.75,
      "retail_display": "$11.75/each",
      "is_organic": false,
      "is_gluten_free": true,
      "is_vegan": true,
      "is_kosher": false,
      "is_non_gmo": false,
      "is_local": false,
      "is_imported": false,
      "search_terms": [
        "ocean",
        "other",
        "romaine",
        "produce",
        "hearts",
        "mist",
        "12x3"
      ],
      "upc": null,
      "processed_at": "2025-06-25T12:36:12.968605"
    },
    {
      "sku": "BALDOR_AP4DD",
      "supplier_sku": "AP4DD",
      "name": "GALA 18X2 LB HUDSON RIVER FRUIT LCL",
      "category": "Produce/Other",
      "brand": "Baldor",
      "supplier_id": "BALD001",
      "supplier_name": "Baldor Specialty Foods",
      "unit_size": "2 LB CTN",
      "unit_type": "case",
      "wholesale_price": 47.25,
      "retail_price": 47.25,
      "retail_unit_type": "lb",
      "retail_unit_size": "1",
      "retail_pack_size": "1",
      "retail_price_per_unit": 23.62,
      "retail_display": "$23.62/lb",
      "is_organic": false,
      "is_gluten_free": true,
      "is_vegan": true,
      "is_kosher": false,
      "is_non_gmo": false,
      "is_local": true,
      "is_imported": false,
      "search_terms": [
        "18x2",
        "river",
        "fruit",
        "hudson",
        "other",
        "gala",
        "produce",
        "lcl"
      ],
      "upc": null,
      "processed_at": "2025-06-25T12:36:12.968613"
    },
    {
      "sku": "BALDOR_RROMAB",
      "supplier_sku": "RROMAB",
      "name": "ROMAINE HEARTS ANDY BOY RETAIL 12X3 CT DARRIGO",
      "category": "Produce/Other",
      "brand": "Baldor",
      "supplier_id": "BALD001",
      "supplier_name": "Baldor Specialty Foods",
      "unit_size": "12X3 CT CTN",
      "unit_type": "case",
      "wholesale_price": 33.25,
      "retail_price": 33.25,
      "retail_unit_type": "each",
      "retail_unit_size": "1",
      "retail_pack_size": "1",
      "retail_price_per_unit": 11.08,
      "retail_display": "$11.08/each",
      "is_organic": false,
      "is_gluten_free": true,
      "is_vegan": true,
      "is_kosher": false,
      "is_non_gmo": false,
      "is_local": false,
      "is_imported": false,
      "search_terms": [
        "andy",
        "other",
        "romaine",
        "darrigo",
        "produce",
        "boy",
        "hearts",
        "retail",
        "12x3"
      ],
      "upc": null,
      "processed_at": "2025-06-25T12:36:12.968624"
    },
    {
      "sku": "BALDOR_AP5",
      "supplier_sku": "AP5",
      "name": "FUJI APPLES 100 CT",
      "category": "Produce/Fruit/Apples",
      "brand": "Baldor",
      "supplier_id": "BALD001",
      "supplier_name": "Baldor Specialty Foods",
      "unit_size": "100 CT CTN",
      "unit_type": "case",
      "wholesale_price": 47.75,
      "retail_price": 47.75,
      "retail_unit_type": "each",
      "retail_unit_size": "1",
      "retail_pack_size": "1",
      "retail_price_per_unit": 0.48,
      "retail_display": "$0.48/each",
      "is_organic": false,
      "is_gluten_free": true,
      "is_vegan": true,
      "is_kosher": false,
      "is_non_gmo": false,
      "is_local": false,
      "is_imported": false,
      "search_terms": [
        "fruit",
        "apples",
        "fuji",
        "produce",
        "100"
      ],
      "upc": null,
      "processed_at": "2025-06-25T12:36:12.968632"
    },
    {
      "sku": "BALDOR_SALAD101",
      "supplier_sku": "SALAD101",
      "name": "MIX SPRING CLAM 8X4 OZ LITTLE LEAF",
      "category": "Produce/Other",
      "brand": "Baldor",
      "supplier_id": "BALD001",
      "supplier_name": "Baldor Specialty Foods",
      "unit_size": "4 OZ CTN",
      "unit_type": "case",
      "wholesale_price": 19.75,
      "retail_price": 19.75,
      "retail_unit_type": "oz",
      "retail_unit_size": "1",
      "retail_pack_size": "1",
      "retail_price_per_unit": 4.94,
      "retail_display": "$4.94/oz",
      "is_organic": false,
      "is_gluten_free": true,
      "is_vegan": true,
      "is_kosher": false,
      "is_non_gmo": false,
      "is_local": false,
      "is_imported": false,
      "search_terms": [
        "leaf",
        "little",
        "other",
        "8x4",
        "produce",
        "spring",
        "clam",
        "mix"
      ],
      "upc": null,
      "processed_at": "2025-06-25T12:36:12.968640"
    },
    {
      "sku": "BALDOR_AP50",
      "supplier_sku": "AP50",
      "name": "FUJI 80-88 CT",
      "category": "Produce/Other",
      "brand": "Baldor",
      "supplier_id": "BALD001",
      "supplier_name": "Baldor Specialty Foods",
      "unit_size": "80-88 CT CTN",
      "unit_type": "case",
      "wholesale_price": 49.75,
      "retail_price": 49.75,
      "retail_unit_type": "each",
      "retail_unit_size": "1",
      "retail_pack_size": "1",
      "retail_price_per_unit": 0.57,
      "retail_display": "$0.57/each",
      "is_organic": false,
      "is_gluten_free": true,
      "is_vegan": true,
      "is_kosher": false,
      "is_non_gmo": false,
      "is_local": false,
      "is_imported": false,
      "search_terms": [
        "produce",
        "other",
        "fuji"
      ],
      "upc": null,
      "processed_at": "2025-06-25T12:36:12.968648"
    },
    {
      "sku": "BALDOR_SALAD10A",
      "supplier_sku": "SALAD10A",
      "name": "LEAF GREEN CRISPY CLAM 8X4 OZ LITTLE LEAF",
      "category": "Produce/Other",
      "brand": "Baldor",
      "supplier_id": "BALD001",
      "supplier_name": "Baldor Specialty Foods",
      "unit_size": "4 OZ CTN",
      "unit_type": "case",
      "wholesale_price": 19.75,
      "retail_price": 19.75,
      "retail_unit_type": "oz",
      "retail_unit_size": "1",
      "retail_pack_size": "1",
      "retail_price_per_unit": 4.94,
      "retail_display": "$4.94/oz",
      "is_organic": false,
      "is_gluten_free": true,
      "is_vegan": true,
      "is_kosher": false,
      "is_non_gmo": false,
      "is_local": false,
      "is_imported": false,
      "search_terms": [
        "leaf",
        "little",
        "other",
        "8x4",
        "crispy",
        "produce",
        "green",
        "clam"
      ],
      "upc": null,
      "processed_at": "2025-06-25T12:36:12.968657"
    },
    {
      "sku": "BALDOR_AP51B",
      "supplier_sku": "AP51B",
      "name": "LADY FUJI 10 LB",
      "category": "Produce/Other",
      "brand": "Baldor",
      "supplier_id": "BALD001",
      "supplier_name": "Baldor Specialty Foods",
      "unit_size": "10 LB CTN",
      "unit_type": "case",
      "wholesale_price": 27.25,
      "retail_price": 27.25,
      "retail_unit_type": "lb",
      "retail_unit_size": "1",
      "retail_pack_size": "1",
      "retail_price_per_unit": 2.73,
      "retail_display": "$2.73/lb",
      "is_organic": false,
      "is_gluten_free": true,
      "is_vegan": true,
      "is_kosher": false,
      "is_non_gmo": false,
      "is_local": false,
      "is_imported": false,
      "search_terms": [
        "other",
        "produce",
        "lady",
        "fuji"
      ],
      "upc": null,
      "processed_at": "2025-06-25T12:36:12.968664"
    },
    {
      "sku": "BALDOR_SALAD10A1",
      "supplier_sku": "SALAD10A1",
      "name": "LEAF MIX RED GREEN CLAM 8X4 OZ LITTLE LEAF",
      "category": "Produce/Other",
      "brand": "Baldor",
      "supplier_id": "BALD001",
      "supplier_name": "Baldor Specialty Foods",
      "unit_size": "4 OZ CTN",
      "unit_type": "case",
      "wholesale_price": 19.75,
      "retail_price": 19.75,
      "retail_unit_type": "oz",
      "retail_unit_size": "1",
      "retail_pack_size": "1",
      "retail_price_per_unit": 4.94,
      "retail_display": "$4.94/oz",
      "is_organic": false,
      "is_gluten_free": true,
      "is_vegan": true,
      "is_kosher": false,
      "is_non_gmo": false,
      "is_local": false,
      "is_imported": false,
      "search_terms": [
        "leaf",
        "little",
        "other",
        "8x4",
        "red",
        "produce",
        "green",
        "clam",
        "mix"
      ],
      "upc": null,
      "processed_at": "2025-06-25T12:36:12.968673"
    },
    {
      "sku": "BALDOR_AP6F",
      "supplier_sku": "AP6F",
      "name": "GALA APPLES 100 CT",
      "category": "Produce/Fruit/Apples",
      "brand": "Baldor",
      "supplier_id": "BALD001",
      "supplier_name": "Baldor Specialty Foods",
      "unit_size": "100 CT CTN",
      "unit_type": "case",
      "wholesale_price": 47.75,
      "retail_price": 47.75,
      "retail_unit_type": "each",
      "retail_unit_size": "1",
      "retail_pack_size": "1",
      "retail_price_per_unit": 0.48,
      "retail_display": "$0.48/each",
      "is_organic": false,
      "is_gluten_free": true,
      "is_vegan": true,
      "is_kosher": false,
      "is_non_gmo": false,
      "is_local": false,
      "is_imported": false,
      "search_terms": [
        "fruit",
        "apples",
        "gala",
        "produce",
        "100"
      ],
      "upc": null,
      "processed_at": "2025-06-25T12:36:12.968681"
    },
    {
      "sku": "BALDOR_SALAD19",
      "supplier_sku": "SALAD19",
      "name": "SALAD MIX SPECIAL PREMIUM BLEND 4X3 LB",
      "category": "Produce/Other",
      "brand": "Baldor",
      "supplier_id": "BALD001",
      "supplier_name": "Baldor Specialty Foods",
      "unit_size": "3 LB CTN",
      "unit_type": "case",
      "wholesale_price": 82.75,
      "retail_price": 82.75,
      "retail_unit_type": "lb",
      "retail_unit_size": "1",
      "retail_pack_size": "1",
      "retail_price_per_unit": 27.58,
      "retail_display": "$27.58/lb",
      "is_organic": false,
      "is_gluten_free": true,
      "is_vegan": true,
      "is_kosher": false,
      "is_non_gmo": false,
      "is_local": false,
      "is_imported": false,
      "search_terms": [
        "special",
        "blend",
        "salad",
        "4x3",
        "other",
        "premium",
        "produce",
        "mix"
      ],
      "upc": null,
      "processed_at": "2025-06-25T12:36:12.968689"
    },
    {
      "sku": "BALDOR_AP6F1",
      "supplier_sku": "AP6F1",
      "name": "GALA 100-113 CT NO STICKERS",
      "category": "Produce/Other",
      "brand": "Baldor",
      "supplier_id": "BALD001",
      "supplier_name": "Baldor Specialty Foods",
      "unit_size": "100-113 CT CTN",
      "unit_type": "case",
      "wholesale_price": 47.75,
      "retail_price": 47.75,
      "retail_unit_type": "each",
      "retail_unit_size": "1",
      "retail_pack_size": "1",
      "retail_price_per_unit": 0.42,
      "retail_display": "$0.42/each",
      "is_organic": false,
      "is_gluten_free": true,
      "is_vegan": true,
      "is_kosher": false,
      "is_non_gmo": false,
      "is_local": false,
      "is_imported": false,
      "search_terms": [
        "113",
        "other",
        "gala",
        "produce",
        "stickers",
        "100"
      ],
      "upc": null,
      "processed_at": "2025-06-25T12:36:12.968699"
    },
    {
      "sku": "BALDOR_SALADGG1",
      "supplier_sku": "SALADGG1",
      "name": "ROMAINE 12X4.5 OZ GOTHAM GREENS LCL",
      "category": "Produce/Other",
      "brand": "Baldor",
      "supplier_id": "BALD001",
      "supplier_name": "Baldor Specialty Foods",
      "unit_size": "4.5 OZ CTN",
      "unit_type": "case",
      "wholesale_price": 39.0,
      "retail_price": 39.0,
      "retail_unit_type": "oz",
      "retail_unit_size": "1",
      "retail_pack_size": "1",
      "retail_price_per_unit": 8.67,
      "retail_display": "$8.67/oz",
      "is_organic": false,
      "is_gluten_free": true,
      "is_vegan": true,
      "is_kosher": false,
      "is_non_gmo": false,
      "is_local": true,
      "is_imported": false,
      "search_terms": [
        "12x4.5",
        "greens",
        "gotham",
        "other",
        "romaine",
        "produce",
        "lcl"
      ],
      "upc": null,
      "processed_at": "2025-06-25T12:36:12.968708"
    },
    {
      "sku": "BALDOR_AP7",
      "supplier_sku": "AP7",
      "name": "GALA 80-88 CT",
      "category": "Produce/Other",
      "brand": "Baldor",
      "supplier_id": "BALD001",
      "supplier_name": "Baldor Specialty Foods",
      "unit_size": "80-88 CT CTN",
      "unit_type": "case",
      "wholesale_price": 49.75,
      "retail_price": 49.75,
      "retail_unit_type": "each",
      "retail_unit_size": "1",
      "retail_pack_size": "1",
      "retail_price_per_unit": 0.57,
      "retail_display": "$0.57/each",
      "is_organic": false,
      "is_gluten_free": true,
      "is_vegan": true,
      "is_kosher": false,
      "is_non_gmo": false,
      "is_local": false,
      "is_imported": false,
      "search_terms": [
        "gala",
        "produce",
        "other"
      ],
      "upc": null,
      "processed_at": "2025-06-25T12:36:12.968716"
    },
    {
      "sku": "BALDOR_SALADGG2",
      "supplier_sku": "SALADGG2",
      "name": "LETTUCE BUTTERHEAD BABY BOWL 12X1 EA GOTHAM GREENS LCL",
      "category": "Produce/Vegetables/Lettuce",
      "brand": "Baldor",
      "supplier_id": "BALD001",
      "supplier_name": "Baldor Specialty Foods",
      "unit_size": "1 EA CTN",
      "unit_type": "case",
      "wholesale_price": 30.0,
      "retail_price": 30.0,
      "retail_unit_type": "case",
      "retail_unit_size": "1 EA CTN",
      "retail_pack_size": "1",
      "retail_price_per_unit": 30.0,
      "retail_display": "$30.00/case",
      "is_organic": false,
      "is_gluten_free": true,
      "is_vegan": true,
      "is_kosher": false,
      "is_non_gmo": false,
      "is_local": true,
      "is_imported": false,
      "search_terms": [
        "greens",
        "baby",
        "gotham",
        "vegetables",
        "butterhead",
        "lettuce",
        "bowl",
        "produce",
        "12x1",
        "lcl"
      ],
      "upc": null,
      "processed_at": "2025-06-25T12:36:12.968726"
    },
    {
      "sku": "BALDOR_AP7D",
      "supplier_sku": "AP7D",
      "name": "LOCAL SWEETANGO APPLES 56-64 CT",
      "category": "Produce/Fruit/Apples",
      "brand": "Baldor",
      "supplier_id": "BALD001",
      "supplier_name": "Baldor Specialty Foods",
      "unit_size": "56-64 CT CTN",
      "unit_type": "case",
      "wholesale_price": 53.5,
      "retail_price": 53.5,
      "retail_unit_type": "each",
      "retail_unit_size": "1",
      "retail_pack_size": "1",
      "retail_price_per_unit": 0.84,
      "retail_display": "$0.84/each",
      "is_organic": false,
      "is_gluten_free": true,
      "is_vegan": true,
      "is_kosher": false,
      "is_non_gmo": false,
      "is_local": true,
      "is_imported": false,
      "search_terms": [
        "sweetango",
        "fruit",
        "local",
        "apples",
        "produce"
      ],
      "upc": null,
      "processed_at": "2025-06-25T12:36:12.968735"
    },
    {
      "sku": "BALDOR_SALADGG3",
      "supplier_sku": "SALADGG3",
      "name": "BROOKLYN CRUNCH 12X4.5 OZ GOTHAM GREENS LCL",
      "category": "Produce/Other",
      "brand": "Baldor",
      "supplier_id": "BALD001",
      "supplier_name": "Baldor Specialty Foods",
      "unit_size": "4.5 OZ CTN",
      "unit_type": "case",
      "wholesale_price": 39.0,
      "retail_price": 39.0,
      "retail_unit_type": "oz",
      "retail_unit_size": "1",
      "retail_pack_size": "1",
      "retail_price_per_unit": 8.67,
      "retail_display": "$8.67/oz",
      "is_organic": false,
      "is_gluten_free": true,
      "is_vegan": true,
      "is_kosher": false,
      "is_non_gmo": false,
      "is_local": true,
      "is_imported": false,
      "search_terms": [
        "12x4.5",
        "greens",
        "gotham",
        "other",
        "produce",
        "crunch",
        "lcl",
        "brooklyn"
      ],
      "upc": null,
      "processed_at": "2025-06-25T12:36:12.968744"
    },
    {
      "sku": "BALDOR_AP8A",
      "supplier_sku": "AP8A",
      "name": "LADY GALA 10 LB",
      "category": "Produce/Other",
      "brand": "Baldor",
      "supplier_id": "BALD001",
      "supplier_name": "Baldor Specialty Foods",
      "unit_size": "10 LB CTN",
      "unit_type": "case",
      "wholesale_price": 25.5,
      "retail_price": 25.5,
      "retail_unit_type": "lb",
      "retail_unit_size": "1",
      "retail_pack_size": "1",
      "retail_price_per_unit": 2.55,
      "retail_display": "$2.55/lb",
      "is_organic": false,
      "is_gluten_free": true,
      "is_vegan": true,
      "is_kosher": false,
      "is_non_gmo": false,
      "is_local": false,
      "is_imported": false,
      "search_terms": [
        "other",
        "gala",
        "produce",
        "lady"
      ],
      "upc": null,
      "processed_at": "2025-06-25T12:36:12.968751"
    },
    {
      "sku": "BALDOR_SALADGG5",
      "supplier_sku": "SALADGG5",
      "name": "LETTUCE BUTTERHEAD LEAVES 12X4.5 OZ GOTHAM GREENS LCL",
      "category": "Produce/Vegetables/Lettuce",
      "brand": "Baldor",
      "supplier_id": "BALD001",
      "supplier_name": "Baldor Specialty Foods",
      "unit_size": "4.5 OZ CTN",
      "unit_type": "case",
      "wholesale_price": 39.0,
      "retail_price": 39.0,
      "retail_unit_type": "oz",
      "retail_unit_size": "1",
      "retail_pack_size": "1",
      "retail_price_per_unit": 8.67,
      "retail_display": "$8.67/oz",
      "is_organic": false,
      "is_gluten_free": true,
      "is_vegan": true,
      "is_kosher": false,
      "is_non_gmo": false,
      "is_local": true,
      "is_imported": false,
      "search_terms": [
        "12x4.5",
        "greens",
        "gotham",
        "vegetables",
        "butterhead",
        "lettuce",
        "produce",
        "leaves",
        "lcl"
      ],
      "upc": null,
      "processed_at": "2025-06-25T12:36:12.968760"
    },
    {
      "sku": "BALDOR_AP81",
      "supplier_sku": "AP81",
      "name": "FIRST FRUITS OPAL APPLES 50- 60 CT",
      "category": "Produce/Fruit/Apples",
      "brand": "Baldor",
      "supplier_id": "BALD001",
      "supplier_name": "Baldor Specialty Foods",
      "unit_size": "50-60 CT CTN",
      "unit_type": "case",
      "wholesale_price": 63.75,
      "retail_price": 63.75,
      "retail_unit_type": "each",
      "retail_unit_size": "1",
      "retail_pack_size": "1",
      "retail_price_per_unit": 1.06,
      "retail_display": "$1.06/each",
      "is_organic": false,
      "is_gluten_free": true,
      "is_vegan": true,
      "is_kosher": false,
      "is_non_gmo": false,
      "is_local": false,
      "is_imported": false,
      "search_terms": [
        "first",
        "opal",
        "fruit",
        "apples",
        "produce",
        "fruits"
      ],
      "upc": null,
      "processed_at": "2025-06-25T12:36:12.968780"
    },
    {
      "sku": "BALDOR_SALADSF01",
      "supplier_sku": "SALADSF01",
      "name": "MESCLUN CLAMSHELL 12X5 OZ SATUR LCL",
      "category": "Produce/Other",
      "brand": "Baldor",
      "supplier_id": "BALD001",
      "supplier_name": "Baldor Specialty Foods",
      "unit_size": "5 OZ CTN",
      "unit_type": "case",
      "wholesale_price": 24.0,
      "retail_price": 24.0,
      "retail_unit_type": "oz",
      "retail_unit_size": "1",
      "retail_pack_size": "1",
      "retail_price_per_unit": 4.8,
      "retail_display": "$4.80/oz",
      "is_organic": false,
      "is_gluten_free": true,
      "is_vegan": true,
      "is_kosher": false,
      "is_non_gmo": false,
      "is_local": true,
      "is_imported": false,
      "search_terms": [
        "clamshell",
        "12x5",
        "mesclun",
        "satur",
        "other",
        "produce",
        "lcl"
      ],
      "upc": null,
      "processed_at": "2025-06-25T12:36:12.968789"
    },
    {
      "sku": "BALDOR_SALADSF04",
      "supplier_sku": "SALADSF04",
      "name": "SPINACH BABY CLAMSHELL 12X5 OZ SATUR LCL",
      "category": "Produce/Vegetables/Leafy Greens",
      "brand": "Baldor",
      "supplier_id": "BALD001",
      "supplier_name": "Baldor Specialty Foods",
      "unit_size": "5 OZ CTN",
      "unit_type": "case",
      "wholesale_price": 24.0,
      "retail_price": 24.0,
      "retail_unit_type": "oz",
      "retail_unit_size": "1",
      "retail_pack_size": "1",
      "retail_price_per_unit": 4.8,
      "retail_display": "$4.80/oz",
      "is_organic": false,
      "is_gluten_free": true,
      "is_vegan": true,
      "is_kosher": false,
      "is_non_gmo": false,
      "is_local": true,
      "is_imported": false,
      "search_terms": [
        "clamshell",
        "12x5",
        "baby",
        "spinach",
        "satur",
        "vegetables",
        "produce",
        "leafy greens",
        "lcl"
      ],
      "upc": null,
      "processed_at": "2025-06-25T12:36:12.968797"
    },
    {
      "sku": "BALDOR_AP995A",
      "supplier_sku": "AP995A",
      "name": "HUDSON RIVER FUIT EMPIRE APPLES 80-88 CT",
      "category": "Produce/Fruit/Apples",
      "brand": "Baldor",
      "supplier_id": "BALD001",
      "supplier_name": "Baldor Specialty Foods",
      "unit_size": "80-88CT CTN",
      "unit_type": "case",
      "wholesale_price": 51.5,
      "retail_price": 51.5,
      "retail_unit_type": "each",
      "retail_unit_size": "1",
      "retail_pack_size": "1",
      "retail_price_per_unit": 0.59,
      "retail_display": "$0.59/each",
      "is_organic": false,
      "is_gluten_free": true,
      "is_vegan": true,
      "is_kosher": false,
      "is_non_gmo": false,
      "is_local": false,
      "is_imported": false,
      "search_terms": [
        "river",
        "fruit",
        "hudson",
        "apples",
        "produce",
        "fuit",
        "empire"
      ],
      "upc": null,
      "processed_at": "2025-06-25T12:36:12.968806"
    },
    {
      "sku": "BALDOR_SALADSF06",
      "supplier_sku": "SALADSF06",
      "name": "ARUGULA WILD CLAMSHELL 12X5 OZ SATUR LCL",
      "category": "Produce/Other",
      "brand": "Baldor",
      "supplier_id": "BALD001",
      "supplier_name": "Baldor Specialty Foods",
      "unit_size": "5 OZ CTN",
      "unit_type": "case",
      "wholesale_price": 27.25,
      "retail_price": 27.25,
      "retail_unit_type": "oz",
      "retail_unit_size": "1",
      "retail_pack_size": "1",
      "retail_price_per_unit": 5.45,
      "retail_display": "$5.45/oz",
      "is_organic": false,
      "is_gluten_free": true,
      "is_vegan": true,
      "is_kosher": false,
      "is_non_gmo": false,
      "is_local": true,
      "is_imported": false,
      "search_terms": [
        "clamshell",
        "12x5",
        "satur",
        "wild",
        "arugula",
        "other",
        "produce",
        "lcl"
      ],
      "upc": null,
      "processed_at": "2025-06-25T12:36:12.968815"
    },
    {
      "sku": "BALDOR_SP",
      "supplier_sku": "SP",
      "name": "SPINACH FLAT LEAF CALIFORNIA 24 BU",
      "category": "Produce/Vegetables/Leafy Greens",
      "brand": "Baldor",
      "supplier_id": "BALD001",
      "supplier_name": "Baldor Specialty Foods",
      "unit_size": "24 BU CTN",
      "unit_type": "case",
      "wholesale_price": 42.25,
      "retail_price": 42.25,
      "retail_unit_type": "bunch",
      "retail_unit_size": "1",
      "retail_pack_size": "1",
      "retail_price_per_unit": 1.76,
      "retail_display": "$1.76/bunch",
      "is_organic": false,
      "is_gluten_free": true,
      "is_vegan": true,
      "is_kosher": false,
      "is_non_gmo": false,
      "is_local": false,
      "is_imported": false,
      "search_terms": [
        "leaf",
        "spinach",
        "vegetables",
        "flat",
        "produce",
        "california",
        "leafy greens"
      ],
      "upc": null,
      "processed_at": "2025-06-25T12:36:12.968824"
    },
    {
      "sku": "BALDOR_ART",
      "supplier_sku": "ART",
      "name": "ARTICHOKES BABY 20 LB",
      "category": "Produce/Other",
      "brand": "Baldor",
      "supplier_id": "BALD001",
      "supplier_name": "Baldor Specialty Foods",
      "unit_size": "20 LB CTN",
      "unit_type": "case",
      "wholesale_price": 56.75,
      "retail_price": 56.75,
      "retail_unit_type": "lb",
      "retail_unit_size": "1",
      "retail_pack_size": "1",
      "retail_price_per_unit": 2.84,
      "retail_display": "$2.84/lb",
      "is_organic": false,
      "is_gluten_free": true,
      "is_vegan": true,
      "is_kosher": false,
      "is_non_gmo": false,
      "is_local": false,
      "is_imported": false,
      "search_terms": [
        "produce",
        "other",
        "artichokes",
        "baby"
      ],
      "upc": null,
      "processed_at": "2025-06-25T12:36:12.968832"
    },
    {
      "sku": "BALDOR_SP4",
      "supplier_sku": "SP4",
      "name": "SPINACH FLAT-LEAF WASHED CELLO 12X10 OZ",
      "category": "Produce/Vegetables/Leafy Greens",
      "brand": "Baldor",
      "supplier_id": "BALD001",
      "supplier_name": "Baldor Specialty Foods",
      "unit_size": "10 OZ CTN",
      "unit_type": "case",
      "wholesale_price": 23.5,
      "retail_price": 23.5,
      "retail_unit_type": "oz",
      "retail_unit_size": "1",
      "retail_pack_size": "1",
      "retail_price_per_unit": 2.35,
      "retail_display": "$2.35/oz",
      "is_organic": false,
      "is_gluten_free": true,
      "is_vegan": true,
      "is_kosher": false,
      "is_non_gmo": false,
      "is_local": false,
      "is_imported": false,
      "search_terms": [
        "12x10",
        "cello",
        "leaf",
        "spinach",
        "vegetables",
        "flat",
        "produce",
        "leafy greens",
        "washed"
      ],
      "upc": null,
      "processed_at": "2025-06-25T12:36:12.968840"
    },
    {
      "sku": "BALDOR_ART0",
      "supplier_sku": "ART0",
      "name": "OCEAN MIST FARMS 20 LBS",
      "category": "Produce/Other",
      "brand": "Baldor",
      "supplier_id": "BALD001",
      "supplier_name": "Baldor Specialty Foods",
      "unit_size": "20 LBS CTN",
      "unit_type": "case",
      "wholesale_price": 51.5,
      "retail_price": 51.5,
      "retail_unit_type": "lb",
      "retail_unit_size": "1",
      "retail_pack_size": "1",
      "retail_price_per_unit": 2.58,
      "retail_display": "$2.58/lb",
      "is_organic": false,
      "is_gluten_free": true,
      "is_vegan": true,
      "is_kosher": false,
      "is_non_gmo": false,
      "is_local": false,
      "is_imported": false,
      "search_terms": [
        "lbs",
        "ocean",
        "farms",
        "other",
        "produce",
        "mist"
      ],
      "upc": null,
      "processed_at": "2025-06-25T12:36:12.968847"
    },
    {
      "sku": "BALDOR_SP6BW1",
      "supplier_sku": "SP6BW1",
      "name": "SPINACH BABY 2X2 LB B&W",
      "category": "Produce/Vegetables/Leafy Greens",
      "brand": "Baldor",
      "supplier_id": "BALD001",
      "supplier_name": "Baldor Specialty Foods",
      "unit_size": "2 LB CTN",
      "unit_type": "case",
      "wholesale_price": 16.5,
      "retail_price": 16.5,
      "retail_unit_type": "lb",
      "retail_unit_size": "1",
      "retail_pack_size": "1",
      "retail_price_per_unit": 8.25,
      "retail_display": "$8.25/lb",
      "is_organic": false,
      "is_gluten_free": true,
      "is_vegan": true,
      "is_kosher": false,
      "is_non_gmo": false,
      "is_local": false,
      "is_imported": false,
      "search_terms": [
        "baby",
        "spinach",
        "vegetables",
        "b&w",
        "produce",
        "leafy greens",
        "2x2"
      ],
      "upc": null,
      "processed_at": "2025-06-25T12:36:12.968854"
    },
    {
      "sku": "BALDOR_ART01",
      "supplier_sku": "ART01",
      "name": "BABY ARTICHOKES 12 X 2 LBS",
      "category": "Produce/Other",
      "brand": "Baldor",
      "supplier_id": "BALD001",
      "supplier_name": "Baldor Specialty Foods",
      "unit_size": "12 CT CTN",
      "unit_type": "case",
      "wholesale_price": 54.25,
      "retail_price": 54.25,
      "retail_unit_type": "each",
      "retail_unit_size": "1",
      "retail_pack_size": "1",
      "retail_price_per_unit": 4.52,
      "retail_display": "$4.52/each",
      "is_organic": false,
      "is_gluten_free": true,
      "is_vegan": true,
      "is_kosher": false,
      "is_non_gmo": false,
      "is_local": false,
      "is_imported": false,
      "search_terms": [
        "lbs",
        "baby",
        "other",
        "produce",
        "artichokes"
      ],
      "upc": null,
      "processed_at": "2025-06-25T12:36:12.968863"
    },
    {
      "sku": "BALDOR_SP93",
      "supplier_sku": "SP93",
      "name": "SPINACH TRIPLE WASHED 4X2.5 LB",
      "category": "Produce/Vegetables/Leafy Greens",
      "brand": "Baldor",
      "supplier_id": "BALD001",
      "supplier_name": "Baldor Specialty Foods",
      "unit_size": "2.5 LB CTN",
      "unit_type": "case",
      "wholesale_price": 21.25,
      "retail_price": 21.25,
      "retail_unit_type": "lb",
      "retail_unit_size": "1",
      "retail_pack_size": "1",
      "retail_price_per_unit": 8.5,
      "retail_display": "$8.50/lb",
      "is_organic": false,
      "is_gluten_free": true,
      "is_vegan": true,
      "is_kosher": false,
      "is_non_gmo": false,
      "is_local": false,
      "is_imported": false,
      "search_terms": [
        "spinach",
        "vegetables",
        "4x2.5",
        "triple",
        "produce",
        "leafy greens",
        "washed"
      ],
      "upc": null,
      "processed_at": "2025-06-25T12:36:12.968871"
    },
    {
      "sku": "BALDOR_ART2A",
      "supplier_sku": "ART2A",
      "name": "ARTICHOKES 12 CT",
      "category": "Produce/Other",
      "brand": "Baldor",
      "supplier_id": "BALD001",
      "supplier_name": "Baldor Specialty Foods",
      "unit_size": "12 CT CTN",
      "unit_type": "case",
      "wholesale_price": 42.75,
      "retail_price": 42.75,
      "retail_unit_type": "each",
      "retail_unit_size": "1",
      "retail_pack_size": "1",
      "retail_price_per_unit": 3.56,
      "retail_display": "$3.56/each",
      "is_organic": false,
      "is_gluten_free": true,
      "is_vegan": true,
      "is_kosher": false,
      "is_non_gmo": false,
      "is_local": false,
      "is_imported": false,
      "search_terms": [
        "produce",
        "other",
        "artichokes"
      ],
      "upc": null,
      "processed_at": "2025-06-25T12:36:12.968878"
    },
    {
      "sku": "BALDOR_ART1",
      "supplier_sku": "ART1",
      "name": "ARTICHOKES 24 CT",
      "category": "Produce/Other",
      "brand": "Baldor",
      "supplier_id": "BALD001",
      "supplier_name": "Baldor Specialty Foods",
      "unit_size": "24 CT CTN",
      "unit_type": "case",
      "wholesale_price": 42.75,
      "retail_price": 42.75,
      "retail_unit_type": "each",
      "retail_unit_size": "1",
      "retail_pack_size": "1",
      "retail_price_per_unit": 1.78,
      "retail_display": "$1.78/each",
      "is_organic": false,
      "is_gluten_free": true,
      "is_vegan": true,
      "is_kosher": false,
      "is_non_gmo": false,
      "is_local": false,
      "is_imported": false,
      "search_terms": [
        "produce",
        "other",
        "artichokes"
      ],
      "upc": null,
      "processed_at": "2025-06-25T12:36:12.968885"
    },
    {
      "sku": "BALDOR_ART2",
      "supplier_sku": "ART2",
      "name": "ARTICHOKES 18 CT",
      "category": "Produce/Other",
      "brand": "Baldor",
      "supplier_id": "BALD001",
      "supplier_name": "Baldor Specialty Foods",
      "unit_size": "18 CT CTN",
      "unit_type": "case",
      "wholesale_price": 42.75,
      "retail_price": 42.75,
      "retail_unit_type": "each",
      "retail_unit_size": "1",
      "retail_pack_size": "1",
      "retail_price_per_unit": 2.38,
      "retail_display": "$2.38/each",
      "is_organic": false,
      "is_gluten_free": true,
      "is_vegan": true,
      "is_kosher": false,
      "is_non_gmo": false,
      "is_local": false,
      "is_imported": false,
      "search_terms": [
        "produce",
        "other",
        "artichokes"
      ],
      "upc": null,
      "processed_at": "2025-06-25T12:36:12.968893"
    },
    {
      "sku": "BALDOR_ART3",
      "supplier_sku": "ART3",
      "name": "OCEAN MIST FARMS 30-36 CT",
      "category": "Produce/Other",
      "brand": "Baldor",
      "supplier_id": "BALD001",
      "supplier_name": "Baldor Specialty Foods",
      "unit_size": "30-36 CT CTN",
      "unit_type": "case",
      "wholesale_price": 42.75,
      "retail_price": 42.75,
      "retail_unit_type": "each",
      "retail_unit_size": "1",
      "retail_pack_size": "1",
      "retail_price_per_unit": 1.19,
      "retail_display": "$1.19/each",
      "is_organic": false,
      "is_gluten_free": true,
      "is_vegan": true,
      "is_kosher": false,
      "is_non_gmo": false,
      "is_local": false,
      "is_imported": false,
      "search_terms": [
        "ocean",
        "farms",
        "other",
        "produce",
        "mist"
      ],
      "upc": null,
      "processed_at": "2025-06-25T12:36:12.968902"
    },
    {
      "sku": "BALDOR_MA",
      "supplier_sku": "MA",
      "name": "MANGO 6-9 CT",
      "category": "Produce/Other",
      "brand": "Baldor",
      "supplier_id": "BALD001",
      "supplier_name": "Baldor Specialty Foods",
      "unit_size": "6-9 CT CTN",
      "unit_type": "case",
      "wholesale_price": 13.0,
      "retail_price": 13.0,
      "retail_unit_type": "each",
      "retail_unit_size": "1",
      "retail_pack_size": "1",
      "retail_price_per_unit": 1.44,
      "retail_display": "$1.44/each",
      "is_organic": false,
      "is_gluten_free": true,
      "is_vegan": true,
      "is_kosher": false,
      "is_non_gmo": false,
      "is_local": false,
      "is_imported": false,
      "search_terms": [
        "mango",
        "produce",
        "other"
      ],
      "upc": null,
      "processed_at": "2025-06-25T12:36:12.968909"
    },
    {
      "sku": "BALDOR_ARTP24",
      "supplier_sku": "ARTP24",
      "name": "PURPLE ARTICHOKES 24 CT",
      "category": "Produce/Other",
      "brand": "Baldor",
      "supplier_id": "BALD001",
      "supplier_name": "Baldor Specialty Foods",
      "unit_size": "24 CT CTN",
      "unit_type": "case",
      "wholesale_price": 59.25,
      "retail_price": 59.25,
      "retail_unit_type": "each",
      "retail_unit_size": "1",
      "retail_pack_size": "1",
      "retail_price_per_unit": 2.47,
      "retail_display": "$2.47/each",
      "is_organic": false,
      "is_gluten_free": true,
      "is_vegan": true,
      "is_kosher": false,
      "is_non_gmo": false,
      "is_local": false,
      "is_imported": false,
      "search_terms": [
        "produce",
        "purple",
        "other",
        "artichokes"
      ],
      "upc": null,
      "processed_at": "2025-06-25T12:36:12.968918"
    },
    {
      "sku": "BALDOR_MA5C",
      "supplier_sku": "MA5C",
      "name": "MANGO CHUNKS 2X5 LB",
      "category": "Produce/Other",
      "brand": "Baldor",
      "supplier_id": "BALD001",
      "supplier_name": "Baldor Specialty Foods",
      "unit_size": "5 LB CTN",
      "unit_type": "case",
      "wholesale_price": 96.0,
      "retail_price": 96.0,
      "retail_unit_type": "lb",
      "retail_unit_size": "1",
      "retail_pack_size": "1",
      "retail_price_per_unit": 19.2,
      "retail_display": "$19.20/lb",
      "is_organic": false,
      "is_gluten_free": true,
      "is_vegan": true,
      "is_kosher": false,
      "is_non_gmo": false,
      "is_local": false,
      "is_imported": false,
      "search_terms": [
        "2x5",
        "other",
        "mango",
        "produce",
        "chunks"
      ],
      "upc": null,
      "processed_at": "2025-06-25T12:36:12.968925"
    },
    {
      "sku": "BALDOR_ART5",
      "supplier_sku": "ART5",
      "name": "SUNCHOKES 5 LBS",
      "category": "Produce/Other",
      "brand": "Baldor",
      "supplier_id": "BALD001",
      "supplier_name": "Baldor Specialty Foods",
      "unit_size": "5 LBS CTN",
      "unit_type": "case",
      "wholesale_price": 24.75,
      "retail_price": 24.75,
      "retail_unit_type": "lb",
      "retail_unit_size": "1",
      "retail_pack_size": "1",
      "retail_price_per_unit": 4.95,
      "retail_display": "$4.95/lb",
      "is_organic": false,
      "is_gluten_free": true,
      "is_vegan": true,
      "is_kosher": false,
      "is_non_gmo": false,
      "is_local": false,
      "is_imported": false,
      "search_terms": [
        "lbs",
        "produce",
        "other",
        "sunchokes"
      ],
      "upc": null,
      "processed_at": "2025-06-25T12:36:12.968932"
    },
    {
      "sku": "BALDOR_MA5R",
      "supplier_sku": "MA5R",
      "name": "MANGO SPEARS 4 LB",
      "category": "Produce/Vegetables/Peas",
      "brand": "Baldor",
      "supplier_id": "BALD001",
      "supplier_name": "Baldor Specialty Foods",
      "unit_size": "4 LB CTN",
      "unit_type": "case",
      "wholesale_price": 41.0,
      "retail_price": 41.0,
      "retail_unit_type": "lb",
      "retail_unit_size": "1",
      "retail_pack_size": "1",
      "retail_price_per_unit": 10.25,
      "retail_display": "$10.25/lb",
      "is_organic": false,
      "is_gluten_free": true,
      "is_vegan": true,
      "is_kosher": false,
      "is_non_gmo": false,
      "is_local": false,
      "is_imported": false,
      "search_terms": [
        "peas",
        "vegetables",
        "mango",
        "produce",
        "spears"
      ],
      "upc": null,
      "processed_at": "2025-06-25T12:36:12.968939"
    },
    {
      "sku": "BALDOR_ART6A",
      "supplier_sku": "ART6A",
      "name": "SUNCHOKES 20 LBS",
      "category": "Produce/Other",
      "brand": "Baldor",
      "supplier_id": "BALD001",
      "supplier_name": "Baldor Specialty Foods",
      "unit_size": "20 LBS CTN",
      "unit_type": "case",
      "wholesale_price": 51.5,
      "retail_price": 51.5,
      "retail_unit_type": "lb",
      "retail_unit_size": "1",
      "retail_pack_size": "1",
      "retail_price_per_unit": 2.58,
      "retail_display": "$2.58/lb",
      "is_organic": false,
      "is_gluten_free": true,
      "is_vegan": true,
      "is_kosher": false,
      "is_non_gmo": false,
      "is_local": false,
      "is_imported": false,
      "search_terms": [
        "lbs",
        "produce",
        "other",
        "sunchokes"
      ],
      "upc": null,
      "processed_at": "2025-06-25T12:36:12.968950"
    },
    {
      "sku": "BALDOR_MA6",
      "supplier_sku": "MA6",
      "name": "MANGO RIPE 6-9 CT",
      "category": "Produce/Other",
      "brand": "Baldor",
      "supplier_id": "BALD001",
      "supplier_name": "Baldor Specialty Foods",
      "unit_size": "6-9 CT CTN",
      "unit_type": "case",
      "wholesale_price": 13.0,
      "retail_price": 13.0,
      "retail_unit_type": "each",
      "retail_unit_size": "1",
      "retail_pack_size": "1",
      "retail_price_per_unit": 1.44,
      "retail_display": "$1.44/each",
      "is_organic": false,
      "is_gluten_free": true,
      "is_vegan": true,
      "is_kosher": false,
      "is_non_gmo": false,
      "is_local": false,
      "is_imported": false,
      "search_terms": [
        "mango",
        "produce",
        "ripe",
        "other"
      ],
      "upc": null,
      "processed_at": "2025-06-25T12:36:12.968958"
    },
    {
      "sku": "BALDOR_ART7",
      "supplier_sku": "ART7",
      "name": "OCEAN MIST FARMS LONG STEM ARTICHOKES 14 CT",
      "category": "Produce/Other",
      "brand": "Baldor",
      "supplier_id": "BALD001",
      "supplier_name": "Baldor Specialty Foods",
      "unit_size": "14 CT CTN",
      "unit_type": "case",
      "wholesale_price": 53.75,
      "retail_price": 53.75,
      "retail_unit_type": "each",
      "retail_unit_size": "1",
      "retail_pack_size": "1",
      "retail_price_per_unit": 3.84,
      "retail_display": "$3.84/each",
      "is_organic": false,
      "is_gluten_free": true,
      "is_vegan": true,
      "is_kosher": false,
      "is_non_gmo": false,
      "is_local": false,
      "is_imported": false,
      "search_terms": [
        "ocean",
        "farms",
        "long",
        "other",
        "produce",
        "mist",
        "stem",
        "artichokes"
      ],
      "upc": null,
      "processed_at": "2025-06-25T12:36:12.968968"
    },
    {
      "sku": "BALDOR_ART60",
      "supplier_sku": "ART60",
      "name": "EUROPEAN HEIRLOOM SUNCHOKES 11LBS",
      "category": "Produce/Vegetables/Peas",
      "brand": "Baldor",
      "supplier_id": "BALD001",
      "supplier_name": "Baldor Specialty Foods",
      "unit_size": "11LBS CTN",
      "unit_type": "case",
      "wholesale_price": 32.0,
      "retail_price": 32.0,
      "retail_unit_type": "lb",
      "retail_unit_size": "1",
      "retail_pack_size": "1",
      "retail_price_per_unit": 2.91,
      "retail_display": "$2.91/lb",
      "is_organic": false,
      "is_gluten_free": true,
      "is_vegan": true,
      "is_kosher": false,
      "is_non_gmo": false,
      "is_local": false,
      "is_imported": false,
      "search_terms": [
        "european",
        "heirloom",
        "peas",
        "vegetables",
        "produce",
        "sunchokes",
        "11lbs"
      ],
      "upc": null,
      "processed_at": "2025-06-25T12:36:12.968976"
    },
    {
      "sku": "BALDOR_FRU05A1",
      "supplier_sku": "FRU05A1",
      "name": "WATERMELON CHUNKS NO LABEL 6X10 OZ",
      "category": "Produce/Fruit/Melons",
      "brand": "Baldor",
      "supplier_id": "BALD001",
      "supplier_name": "Baldor Specialty Foods",
      "unit_size": "10 OZ CTN",
      "unit_type": "case",
      "wholesale_price": 30.25,
      "retail_price": 30.25,
      "retail_unit_type": "oz",
      "retail_unit_size": "1",
      "retail_pack_size": "1",
      "retail_price_per_unit": 3.02,
      "retail_display": "$3.02/oz",
      "is_organic": false,
      "is_gluten_free": true,
      "is_vegan": true,
      "is_kosher": false,
      "is_non_gmo": false,
      "is_local": false,
      "is_imported": false,
      "search_terms": [
        "6x10",
        "melons",
        "watermelon",
        "label",
        "fruit",
        "produce",
        "chunks"
      ],
      "upc": null,
      "processed_at": "2025-06-25T12:36:12.968985"
    },
    {
      "sku": "BALDOR_AS",
      "supplier_sku": "AS",
      "name": "ASPARAGUS STANDARD 11 LB",
      "category": "Produce/Vegetables/Asparagus",
      "brand": "Baldor",
      "supplier_id": "BALD001",
      "supplier_name": "Baldor Specialty Foods",
      "unit_size": "11 LB CTN",
      "unit_type": "case",
      "wholesale_price": 30.0,
      "retail_price": 30.0,
      "retail_unit_type": "lb",
      "retail_unit_size": "1",
      "retail_pack_size": "1",
      "retail_price_per_unit": 2.73,
      "retail_display": "$2.73/lb",
      "is_organic": false,
      "is_gluten_free": true,
      "is_vegan": true,
      "is_kosher": false,
      "is_non_gmo": false,
      "is_local": false,
      "is_imported": false,
      "search_terms": [
        "standard",
        "produce",
        "vegetables",
        "asparagus"
      ],
      "upc": null,
      "processed_at": "2025-06-25T12:36:12.968992"
    },
    {
      "sku": "BALDOR_FRU8",
      "supplier_sku": "FRU8",
      "name": "CANTALOUPE CHUNKS 2X6 LB",
      "category": "Produce/Other",
      "brand": "Baldor",
      "supplier_id": "BALD001",
      "supplier_name": "Baldor Specialty Foods",
      "unit_size": "6 LB CTN",
      "unit_type": "case",
      "wholesale_price": 60.25,
      "retail_price": 60.25,
      "retail_unit_type": "lb",
      "retail_unit_size": "1",
      "retail_pack_size": "1",
      "retail_price_per_unit": 10.04,
      "retail_display": "$10.04/lb",
      "is_organic": false,
      "is_gluten_free": true,
      "is_vegan": true,
      "is_kosher": false,
      "is_non_gmo": false,
      "is_local": false,
      "is_imported": false,
      "search_terms": [
        "other",
        "produce",
        "2x6",
        "cantaloupe",
        "chunks"
      ],
      "upc": null,
      "processed_at": "2025-06-25T12:36:12.968999"
    },
    {
      "sku": "BALDOR_AS2",
      "supplier_sku": "AS2",
      "name": "ASPARAGUS JUMBO 11 LB",
      "category": "Produce/Vegetables/Asparagus",
      "brand": "Baldor",
      "supplier_id": "BALD001",
      "supplier_name": "Baldor Specialty Foods",
      "unit_size": "11 LB CTN",
      "unit_type": "case",
      "wholesale_price": 33.75,
      "retail_price": 33.75,
      "retail_unit_type": "lb",
      "retail_unit_size": "1",
      "retail_pack_size": "1",
      "retail_price_per_unit": 3.07,
      "retail_display": "$3.07/lb",
      "is_organic": false,
      "is_gluten_free": true,
      "is_vegan": true,
      "is_kosher": false,
      "is_non_gmo": false,
      "is_local": false,
      "is_imported": false,
      "search_terms": [
        "produce",
        "vegetables",
        "asparagus",
        "jumbo"
      ],
      "upc": null,
      "processed_at": "2025-06-25T12:36:12.969006"
    },
    {
      "sku": "BALDOR_ME02",
      "supplier_sku": "ME02",
      "name": "CANTALOUPE 9 CT",
      "category": "Produce/Other",
      "brand": "Baldor",
      "supplier_id": "BALD001",
      "supplier_name": "Baldor Specialty Foods",
      "unit_size": "9 CT CTN",
      "unit_type": "case",
      "wholesale_price": 28.25,
      "retail_price": 28.25,
      "retail_unit_type": "each",
      "retail_unit_size": "1",
      "retail_pack_size": "1",
      "retail_price_per_unit": 3.14,
      "retail_display": "$3.14/each",
      "is_organic": false,
      "is_gluten_free": true,
      "is_vegan": true,
      "is_kosher": false,
      "is_non_gmo": false,
      "is_local": false,
      "is_imported": false,
      "search_terms": [
        "produce",
        "cantaloupe",
        "other"
      ],
      "upc": null,
      "processed_at": "2025-06-25T12:36:12.969013"
    },
    {
      "sku": "BALDOR_AS3",
      "supplier_sku": "AS3",
      "name": "ASPARAGUS PENCIL 11 LB",
      "category": "Produce/Vegetables/Asparagus",
      "brand": "Baldor",
      "supplier_id": "BALD001",
      "supplier_name": "Baldor Specialty Foods",
      "unit_size": "11 LB CTN",
      "unit_type": "case",
      "wholesale_price": 27.25,
      "retail_price": 27.25,
      "retail_unit_type": "lb",
      "retail_unit_size": "1",
      "retail_pack_size": "1",
      "retail_price_per_unit": 2.48,
      "retail_display": "$2.48/lb",
      "is_organic": false,
      "is_gluten_free": true,
      "is_vegan": true,
      "is_kosher": false,
      "is_non_gmo": false,
      "is_local": false,
      "is_imported": false,
      "search_terms": [
        "produce",
        "vegetables",
        "asparagus",
        "pencil"
      ],
      "upc": null,
      "processed_at": "2025-06-25T12:36:12.969020"
    },
    {
      "sku": "BALDOR_ME03",
      "supplier_sku": "ME03",
      "name": "CANTALOUPE 12 CT",
      "category": "Produce/Other",
      "brand": "Baldor",
      "supplier_id": "BALD001",
      "supplier_name": "Baldor Specialty Foods",
      "unit_size": "12 CT CTN",
      "unit_type": "case",
      "wholesale_price": 28.25,
      "retail_price": 28.25,
      "retail_unit_type": "each",
      "retail_unit_size": "1",
      "retail_pack_size": "1",
      "retail_price_per_unit": 2.35,
      "retail_display": "$2.35/each",
      "is_organic": false,
      "is_gluten_free": true,
      "is_vegan": true,
      "is_kosher": false,
      "is_non_gmo": false,
      "is_local": false,
      "is_imported": false,
      "search_terms": [
        "produce",
        "cantaloupe",
        "other"
      ],
      "upc": null,
      "processed_at": "2025-06-25T12:36:12.969027"
    },
    {
      "sku": "BALDOR_AS7",
      "supplier_sku": "AS7",
      "name": "CALIFORNIA PREMIIUM STANDARD ASPARAGUS 11 LB",
      "category": "Produce/Vegetables/Asparagus",
      "brand": "Baldor",
      "supplier_id": "BALD001",
      "supplier_name": "Baldor Specialty Foods",
      "unit_size": "11 LB CTN",
      "unit_type": "case",
      "wholesale_price": 42.25,
      "retail_price": 42.25,
      "retail_unit_type": "lb",
      "retail_unit_size": "1",
      "retail_pack_size": "1",
      "retail_price_per_unit": 3.84,
      "retail_display": "$3.84/lb",
      "is_organic": false,
      "is_gluten_free": true,
      "is_vegan": true,
      "is_kosher": false,
      "is_non_gmo": false,
      "is_local": false,
      "is_imported": false,
      "search_terms": [
        "asparagus",
        "standard",
        "vegetables",
        "premiium",
        "produce",
        "california"
      ],
      "upc": null,
      "processed_at": "2025-06-25T12:36:12.969034"
    },
    {
      "sku": "BALDOR_ME1",
      "supplier_sku": "ME1",
      "name": "HONEYDEW 5 CT",
      "category": "Produce/Other",
      "brand": "Baldor",
      "supplier_id": "BALD001",
      "supplier_name": "Baldor Specialty Foods",
      "unit_size": "5 CT CTN",
      "unit_type": "case",
      "wholesale_price": 20.75,
      "retail_price": 20.75,
      "retail_unit_type": "each",
      "retail_unit_size": "1",
      "retail_pack_size": "1",
      "retail_price_per_unit": 4.15,
      "retail_display": "$4.15/each",
      "is_organic": false,
      "is_gluten_free": true,
      "is_vegan": true,
      "is_kosher": false,
      "is_non_gmo": false,
      "is_local": false,
      "is_imported": false,
      "search_terms": [
        "produce",
        "other",
        "honeydew"
      ],
      "upc": null,
      "processed_at": "2025-06-25T12:36:12.969042"
    },
    {
      "sku": "BALDOR_AS72",
      "supplier_sku": "AS72",
      "name": "CALIFORNIA PREMIUM LARGE ASPARAGUS 11 LB",
      "category": "Produce/Vegetables/Asparagus",
      "brand": "Baldor",
      "supplier_id": "BALD001",
      "supplier_name": "Baldor Specialty Foods",
      "unit_size": "11 LB CTN",
      "unit_type": "case",
      "wholesale_price": 47.75,
      "retail_price": 47.75,
      "retail_unit_type": "lb",
      "retail_unit_size": "1",
      "retail_pack_size": "1",
      "retail_price_per_unit": 4.34,
      "retail_display": "$4.34/lb",
      "is_organic": false,
      "is_gluten_free": true,
      "is_vegan": true,
      "is_kosher": false,
      "is_non_gmo": false,
      "is_local": false,
      "is_imported": false,
      "search_terms": [
        "asparagus",
        "large",
        "vegetables",
        "premium",
        "produce",
        "california"
      ],
      "upc": null,
      "processed_at": "2025-06-25T12:36:12.969049"
    },
    {
      "sku": "BALDOR_ME10",
      "supplier_sku": "ME10",
      "name": "HONEYDEW 6 CT",
      "category": "Produce/Other",
      "brand": "Baldor",
      "supplier_id": "BALD001",
      "supplier_name": "Baldor Specialty Foods",
      "unit_size": "6 CT CTN",
      "unit_type": "case",
      "wholesale_price": 20.75,
      "retail_price": 20.75,
      "retail_unit_type": "each",
      "retail_unit_size": "1",
      "retail_pack_size": "1",
      "retail_price_per_unit": 3.46,
      "retail_display": "$3.46/each",
      "is_organic": false,
      "is_gluten_free": true,
      "is_vegan": true,
      "is_kosher": false,
      "is_non_gmo": false,
      "is_local": false,
      "is_imported": false,
      "search_terms": [
        "produce",
        "other",
        "honeydew"
      ],
      "upc": null,
      "processed_at": "2025-06-25T12:36:12.969056"
    },
    {
      "sku": "BALDOR_ME2D",
      "supplier_sku": "ME2D",
      "name": "WATERMELON SEEDLESS CARTON 4-5 CT",
      "category": "Produce/Fruit/Melons",
      "brand": "Baldor",
      "supplier_id": "BALD001",
      "supplier_name": "Baldor Specialty Foods",
      "unit_size": "4-5 CT CTN",
      "unit_type": "case",
      "wholesale_price": 52.0,
      "retail_price": 52.0,
      "retail_unit_type": "each",
      "retail_unit_size": "1",
      "retail_pack_size": "1",
      "retail_price_per_unit": 10.4,
      "retail_display": "$10.40/each",
      "is_organic": false,
      "is_gluten_free": true,
      "is_vegan": true,
      "is_kosher": false,
      "is_non_gmo": false,
      "is_local": false,
      "is_imported": false,
      "search_terms": [
        "melons",
        "watermelon",
        "fruit",
        "seedless",
        "carton",
        "produce"
      ],
      "upc": null,
      "processed_at": "2025-06-25T12:36:12.969066"
    },
    {
      "sku": "BALDOR_AS51",
      "supplier_sku": "AS51",
      "name": "WHITE ASPARAGUS 11 LBS",
      "category": "Produce/Vegetables/Asparagus",
      "brand": "Baldor",
      "supplier_id": "BALD001",
      "supplier_name": "Baldor Specialty Foods",
      "unit_size": "11 LB CTN",
      "unit_type": "case",
      "wholesale_price": 44.5,
      "retail_price": 44.5,
      "retail_unit_type": "lb",
      "retail_unit_size": "1",
      "retail_pack_size": "1",
      "retail_price_per_unit": 4.05,
      "retail_display": "$4.05/lb",
      "is_organic": false,
      "is_gluten_free": true,
      "is_vegan": true,
      "is_kosher": false,
      "is_non_gmo": false,
      "is_local": false,
      "is_imported": false,
      "search_terms": [
        "lbs",
        "asparagus",
        "white",
        "vegetables",
        "produce"
      ],
      "upc": null,
      "processed_at": "2025-06-25T12:36:12.969072"
    },
    {
      "sku": "BALDOR_ME9G",
      "supplier_sku": "ME9G",
      "name": "MELONS KIWANO 1 LYR",
      "category": "Produce/Fruit/Melons",
      "brand": "Baldor",
      "supplier_id": "BALD001",
      "supplier_name": "Baldor Specialty Foods",
      "unit_size": "1 LYR CTN",
      "unit_type": "case",
      "wholesale_price": 99.25,
      "retail_price": 99.25,
      "retail_unit_type": "case",
      "retail_unit_size": "1 LYR CTN",
      "retail_pack_size": "1",
      "retail_price_per_unit": 99.25,
      "retail_display": "$99.25/case",
      "is_organic": false,
      "is_gluten_free": true,
      "is_vegan": true,
      "is_kosher": false,
      "is_non_gmo": false,
      "is_local": false,
      "is_imported": false,
      "search_terms": [
        "lyr",
        "kiwano",
        "melons",
        "fruit",
        "produce"
      ],
      "upc": null,
      "processed_at": "2025-06-25T12:36:12.969081"
    },
    {
      "sku": "BALDOR_ME9H",
      "supplier_sku": "ME9H",
      "name": "MELONS PEPINO 1 LYR",
      "category": "Produce/Fruit/Melons",
      "brand": "Baldor",
      "supplier_id": "BALD001",
      "supplier_name": "Baldor Specialty Foods",
      "unit_size": "6-9 CT CTN",
      "unit_type": "case",
      "wholesale_price": 49.75,
      "retail_price": 49.75,
      "retail_unit_type": "each",
      "retail_unit_size": "1",
      "retail_pack_size": "1",
      "retail_price_per_unit": 5.53,
      "retail_display": "$5.53/each",
      "is_organic": false,
      "is_gluten_free": true,
      "is_vegan": true,
      "is_kosher": false,
      "is_non_gmo": false,
      "is_local": false,
      "is_imported": false,
      "search_terms": [
        "lyr",
        "melons",
        "pepino",
        "fruit",
        "produce"
      ],
      "upc": null,
      "processed_at": "2025-06-25T12:36:12.969089"
    },
    {
      "sku": "BALDOR_AV1PR",
      "supplier_sku": "AV1PR",
      "name": "AVOCADO RIPE 48 CT",
      "category": "Produce/Other",
      "brand": "Baldor",
      "supplier_id": "BALD001",
      "supplier_name": "Baldor Specialty Foods",
      "unit_size": "48 CT CTN",
      "unit_type": "case",
      "wholesale_price": 102.75,
      "retail_price": 102.75,
      "retail_unit_type": "each",
      "retail_unit_size": "1",
      "retail_pack_size": "1",
      "retail_price_per_unit": 2.14,
      "retail_display": "$2.14/each",
      "is_organic": false,
      "is_gluten_free": true,
      "is_vegan": true,
      "is_kosher": false,
      "is_non_gmo": false,
      "is_local": false,
      "is_imported": false,
      "search_terms": [
        "avocado",
        "produce",
        "ripe",
        "other"
      ],
      "upc": null,
      "processed_at": "2025-06-25T12:36:12.969097"
    },
    {
      "sku": "BALDOR_AV",
      "supplier_sku": "AV",
      "name": "AVOCADO HASS FIRM 48 CT",
      "category": "Produce/Other",
      "brand": "Baldor",
      "supplier_id": "BALD001",
      "supplier_name": "Baldor Specialty Foods",
      "unit_size": "48 CT CTN",
      "unit_type": "case",
      "wholesale_price": 100.75,
      "retail_price": 100.75,
      "retail_unit_type": "each",
      "retail_unit_size": "1",
      "retail_pack_size": "1",
      "retail_price_per_unit": 2.1,
      "retail_display": "$2.10/each",
      "is_organic": false,
      "is_gluten_free": true,
      "is_vegan": true,
      "is_kosher": false,
      "is_non_gmo": false,
      "is_local": false,
      "is_imported": false,
      "search_terms": [
        "hass",
        "avocado",
        "other",
        "produce",
        "firm"
      ],
      "upc": null,
      "processed_at": "2025-06-25T12:36:12.969105"
    },
    {
      "sku": "BALDOR_ME9I",
      "supplier_sku": "ME9I",
      "name": "WATERMELON BABY SEEDLESS 6 CT",
      "category": "Produce/Fruit/Melons",
      "brand": "Baldor",
      "supplier_id": "BALD001",
      "supplier_name": "Baldor Specialty Foods",
      "unit_size": "6 CT CTN",
      "unit_type": "case",
      "wholesale_price": 38.0,
      "retail_price": 38.0,
      "retail_unit_type": "each",
      "retail_unit_size": "1",
      "retail_pack_size": "1",
      "retail_price_per_unit": 6.33,
      "retail_display": "$6.33/each",
      "is_organic": false,
      "is_gluten_free": true,
      "is_vegan": true,
      "is_kosher": false,
      "is_non_gmo": false,
      "is_local": false,
      "is_imported": false,
      "search_terms": [
        "melons",
        "watermelon",
        "baby",
        "fruit",
        "seedless",
        "produce"
      ],
      "upc": null,
      "processed_at": "2025-06-25T12:36:12.969114"
    },
    {
      "sku": "BALDOR_AV2",
      "supplier_sku": "AV2",
      "name": "AVOCADOS FROM MEXICO RIPE NO.2 HASS AVOCADOS 48 CT",
      "category": "Produce/Other",
      "brand": "Baldor",
      "supplier_id": "BALD001",
      "supplier_name": "Baldor Specialty Foods",
      "unit_size": "48 CT CTN",
      "unit_type": "case",
      "wholesale_price": 96.25,
      "retail_price": 96.25,
      "retail_unit_type": "each",
      "retail_unit_size": "1",
      "retail_pack_size": "1",
      "retail_price_per_unit": 2.01,
      "retail_display": "$2.01/each",
      "is_organic": false,
      "is_gluten_free": true,
      "is_vegan": true,
      "is_kosher": false,
      "is_non_gmo": false,
      "is_local": false,
      "is_imported": false,
      "search_terms": [
        "avocados",
        "hass",
        "mexico",
        "other",
        "from",
        "produce",
        "no.2",
        "ripe"
      ],
      "upc": null,
      "processed_at": "2025-06-25T12:36:12.969125"
    },
    {
      "sku": "BALDOR_AV3AAA",
      "supplier_sku": "AV3AAA",
      "name": "AVOCADO FROM MEXICO FIRM HASS AVOCADOS 60 CT",
      "category": "Produce/Other",
      "brand": "Baldor",
      "supplier_id": "BALD001",
      "supplier_name": "Baldor Specialty Foods",
      "unit_size": "60 CT CTN",
      "unit_type": "case",
      "wholesale_price": 83.25,
      "retail_price": 83.25,
      "retail_unit_type": "each",
      "retail_unit_size": "1",
      "retail_pack_size": "1",
      "retail_price_per_unit": 1.39,
      "retail_display": "$1.39/each",
      "is_organic": false,
      "is_gluten_free": true,
      "is_vegan": true,
      "is_kosher": false,
      "is_non_gmo": false,
      "is_local": false,
      "is_imported": false,
      "search_terms": [
        "avocados",
        "hass",
        "avocado",
        "mexico",
        "other",
        "from",
        "produce",
        "firm"
      ],
      "upc": null,
      "processed_at": "2025-06-25T12:36:12.969135"
    },
    {
      "sku": "BALDOR_MU",
      "supplier_sku": "MU",
      "name": "MUSH SHIITAKE B 3 LB",
      "category": "Produce/Other",
      "brand": "Baldor",
      "supplier_id": "BALD001",
      "supplier_name": "Baldor Specialty Foods",
      "unit_size": "3 LB CTN",
      "unit_type": "case",
      "wholesale_price": 15.0,
      "retail_price": 15.0,
      "retail_unit_type": "lb",
      "retail_unit_size": "1",
      "retail_pack_size": "1",
      "retail_price_per_unit": 5.0,
      "retail_display": "$5.00/lb",
      "is_organic": false,
      "is_gluten_free": true,
      "is_vegan": true,
      "is_kosher": false,
      "is_non_gmo": false,
      "is_local": false,
      "is_imported": false,
      "search_terms": [
        "shiitake",
        "produce",
        "mush",
        "other"
      ],
      "upc": null,
      "processed_at": "2025-06-25T12:36:12.969142"
    },
    {
      "sku": "BALDOR_AV2A1",
      "supplier_sku": "AV2A1",
      "name": "AVOCADO HASS FIRM BAG 15X4 CT",
      "category": "Produce/Other",
      "brand": "Baldor",
      "supplier_id": "BALD001",
      "supplier_name": "Baldor Specialty Foods",
      "unit_size": "15 CT CTN",
      "unit_type": "case",
      "wholesale_price": 92.0,
      "retail_price": 92.0,
      "retail_unit_type": "each",
      "retail_unit_size": "1",
      "retail_pack_size": "1",
      "retail_price_per_unit": 6.13,
      "retail_display": "$6.13/each",
      "is_organic": false,
      "is_gluten_free": true,
      "is_vegan": true,
      "is_kosher": false,
      "is_non_gmo": false,
      "is_local": false,
      "is_imported": false,
      "search_terms": [
        "hass",
        "avocado",
        "other",
        "15x4",
        "bag",
        "produce",
        "firm"
      ],
      "upc": null,
      "processed_at": "2025-06-25T12:36:12.969151"
    },
    {
      "sku": "BALDOR_MU2",
      "supplier_sku": "MU2",
      "name": "MUSH SHIITAKE A 3 LB",
      "category": "Produce/Other",
      "brand": "Baldor",
      "supplier_id": "BALD001",
      "supplier_name": "Baldor Specialty Foods",
      "unit_size": "3 LB CTN",
      "unit_type": "case",
      "wholesale_price": 21.25,
      "retail_price": 21.25,
      "retail_unit_type": "lb",
      "retail_unit_size": "1",
      "retail_pack_size": "1",
      "retail_price_per_unit": 7.08,
      "retail_display": "$7.08/lb",
      "is_organic": false,
      "is_gluten_free": true,
      "is_vegan": true,
      "is_kosher": false,
      "is_non_gmo": false,
      "is_local": false,
      "is_imported": false,
      "search_terms": [
        "shiitake",
        "produce",
        "mush",
        "other"
      ],
      "upc": null,
      "processed_at": "2025-06-25T12:36:12.969158"
    },
    {
      "sku": "BALDOR_AV4",
      "supplier_sku": "AV4",
      "name": "RIPE #2 HASS AVOCADOS 70 CT",
      "category": "Produce/Other",
      "brand": "Baldor",
      "supplier_id": "BALD001",
      "supplier_name": "Baldor Specialty Foods",
      "unit_size": "70 CT CTN",
      "unit_type": "case",
      "wholesale_price": 44.5,
      "retail_price": 44.5,
      "retail_unit_type": "each",
      "retail_unit_size": "1",
      "retail_pack_size": "1",
      "retail_price_per_unit": 0.64,
      "retail_display": "$0.64/each",
      "is_organic": false,
      "is_gluten_free": true,
      "is_vegan": true,
      "is_kosher": false,
      "is_non_gmo": false,
      "is_local": false,
      "is_imported": false,
      "search_terms": [
        "avocados",
        "hass",
        "other",
        "produce",
        "ripe"
      ],
      "upc": null,
      "processed_at": "2025-06-25T12:36:12.969167"
    },
    {
      "sku": "BALDOR_MU2CRI",
      "supplier_sku": "MU2CRI",
      "name": "MUSH BELLA BABY CREMINI SLICED 12X8 OZ PHILIPS MUSHROOM",
      "category": "Produce/Vegetables/Mushrooms",
      "brand": "Baldor",
      "supplier_id": "BALD001",
      "supplier_name": "Baldor Specialty Foods",
      "unit_size": "8 OZ CTN",
      "unit_type": "case",
      "wholesale_price": 24.0,
      "retail_price": 24.0,
      "retail_unit_type": "oz",
      "retail_unit_size": "1",
      "retail_pack_size": "1",
      "retail_price_per_unit": 3.0,
      "retail_display": "$3.00/oz",
      "is_organic": false,
      "is_gluten_free": true,
      "is_vegan": true,
      "is_kosher": false,
      "is_non_gmo": false,
      "is_local": false,
      "is_imported": false,
      "search_terms": [
        "philips",
        "baby",
        "vegetables",
        "cremini",
        "12x8",
        "mushroom",
        "produce",
        "mushrooms",
        "bella",
        "mush",
        "sliced"
      ],
      "upc": null,
      "processed_at": "2025-06-25T12:36:12.969177"
    },
    {
      "sku": "BALDOR_AV5A",
      "supplier_sku": "AV5A",
      "name": "AVOCADO FROM MEXICO 60 CT",
      "category": "Produce/Other",
      "brand": "Baldor",
      "supplier_id": "BALD001",
      "supplier_name": "Baldor Specialty Foods",
      "unit_size": "60 CT CTN",
      "unit_type": "case",
      "wholesale_price": 52.75,
      "retail_price": 52.75,
      "retail_unit_type": "each",
      "retail_unit_size": "1",
      "retail_pack_size": "1",
      "retail_price_per_unit": 0.88,
      "retail_display": "$0.88/each",
      "is_organic": false,
      "is_gluten_free": true,
      "is_vegan": true,
      "is_kosher": false,
      "is_non_gmo": false,
      "is_local": false,
      "is_imported": false,
      "search_terms": [
        "avocado",
        "mexico",
        "other",
        "from",
        "produce"
      ],
      "upc": null,
      "processed_at": "2025-06-25T12:36:12.969185"
    },
    {
      "sku": "BALDOR_MU2GP",
      "supplier_sku": "MU2GP",
      "name": "MUSH BABY BELLA STUFFED GARLIC PARMESAN 4X8.5 OZ",
      "category": "Produce/Other",
      "brand": "Baldor",
      "supplier_id": "BALD001",
      "supplier_name": "Baldor Specialty Foods",
      "unit_size": "8.5 OZ CTN",
      "unit_type": "case",
      "wholesale_price": 23.0,
      "retail_price": 23.0,
      "retail_unit_type": "oz",
      "retail_unit_size": "1",
      "retail_pack_size": "1",
      "retail_price_per_unit": 2.71,
      "retail_display": "$2.71/oz",
      "is_organic": false,
      "is_gluten_free": true,
      "is_vegan": true,
      "is_kosher": false,
      "is_non_gmo": false,
      "is_local": false,
      "is_imported": false,
      "search_terms": [
        "baby",
        "4x8.5",
        "stuffed",
        "parmesan",
        "other",
        "produce",
        "garlic",
        "bella",
        "mush"
      ],
      "upc": null,
      "processed_at": "2025-06-25T12:36:12.969195"
    },
    {
      "sku": "BALDOR_AV7B",
      "supplier_sku": "AV7B",
      "name": "BERNARD RANCHES HASS AVOCADOS",
      "category": "Produce/Other",
      "brand": "Baldor",
      "supplier_id": "BALD001",
      "supplier_name": "Baldor Specialty Foods",
      "unit_size": "20 LB CTN",
      "unit_type": "case",
      "wholesale_price": 107.0,
      "retail_price": 107.0,
      "retail_unit_type": "lb",
      "retail_unit_size": "1",
      "retail_pack_size": "1",
      "retail_price_per_unit": 5.35,
      "retail_display": "$5.35/lb",
      "is_organic": false,
      "is_gluten_free": true,
      "is_vegan": true,
      "is_kosher": false,
      "is_non_gmo": false,
      "is_local": false,
      "is_imported": false,
      "search_terms": [
        "avocados",
        "hass",
        "other",
        "produce",
        "ranches",
        "bernard"
      ],
      "upc": null,
      "processed_at": "2025-06-25T12:36:12.969203"
    },
    {
      "sku": "BALDOR_MU2LRT1",
      "supplier_sku": "MU2LRT1",
      "name": "MUSH WHITE SLICED RTL 6X8 OZ",
      "category": "Produce/Other",
      "brand": "Baldor",
      "supplier_id": "BALD001",
      "supplier_name": "Baldor Specialty Foods",
      "unit_size": "8 OZ CTN",
      "unit_type": "case",
      "wholesale_price": 14.0,
      "retail_price": 14.0,
      "retail_unit_type": "oz",
      "retail_unit_size": "1",
      "retail_pack_size": "1",
      "retail_price_per_unit": 1.75,
      "retail_display": "$1.75/oz",
      "is_organic": false,
      "is_gluten_free": true,
      "is_vegan": true,
      "is_kosher": false,
      "is_non_gmo": false,
      "is_local": false,
      "is_imported": false,
      "search_terms": [
        "white",
        "other",
        "rtl",
        "produce",
        "6x8",
        "mush",
        "sliced"
      ],
      "upc": null,
      "processed_at": "2025-06-25T12:36:12.969211"
    },
    {
      "sku": "BALDOR_AV2PR",
      "supplier_sku": "AV2PR",
      "name": "AVOCADO RIPE 36 CT",
      "category": "Produce/Other",
      "brand": "Baldor",
      "supplier_id": "BALD001",
      "supplier_name": "Baldor Specialty Foods",
      "unit_size": "36 CT CTN",
      "unit_type": "case",
      "wholesale_price": 113.25,
      "retail_price": 113.25,
      "retail_unit_type": "each",
      "retail_unit_size": "1",
      "retail_pack_size": "1",
      "retail_price_per_unit": 3.15,
      "retail_display": "$3.15/each",
      "is_organic": false,
      "is_gluten_free": true,
      "is_vegan": true,
      "is_kosher": false,
      "is_non_gmo": false,
      "is_local": false,
      "is_imported": false,
      "search_terms": [
        "avocado",
        "produce",
        "ripe",
        "other"
      ],
      "upc": null,
      "processed_at": "2025-06-25T12:36:12.969218"
    },
    {
      "sku": "BALDOR_MU2NRT1",
      "supplier_sku": "MU2NRT1",
      "name": "MUSH WHITE WHOLE 6X8 OZ",
      "category": "Produce/Other",
      "brand": "Baldor",
      "supplier_id": "BALD001",
      "supplier_name": "Baldor Specialty Foods",
      "unit_size": "8 OZ CTN",
      "unit_type": "case",
      "wholesale_price": 13.5,
      "retail_price": 13.5,
      "retail_unit_type": "oz",
      "retail_unit_size": "1",
      "retail_pack_size": "1",
      "retail_price_per_unit": 1.69,
      "retail_display": "$1.69/oz",
      "is_organic": false,
      "is_gluten_free": true,
      "is_vegan": true,
      "is_kosher": false,
      "is_non_gmo": false,
      "is_local": false,
      "is_imported": false,
      "search_terms": [
        "white",
        "other",
        "whole",
        "produce",
        "6x8",
        "mush"
      ],
      "upc": null,
      "processed_at": "2025-06-25T12:36:12.969227"
    },
    {
      "sku": "BALDOR_AVP",
      "supplier_sku": "AVP",
      "name": "AVOCADO PULP 6X2 LB",
      "category": "Produce/Other",
      "brand": "Baldor",
      "supplier_id": "BALD001",
      "supplier_name": "Baldor Specialty Foods",
      "unit_size": "2 LB CTN",
      "unit_type": "case",
      "wholesale_price": 74.75,
      "retail_price": 74.75,
      "retail_unit_type": "lb",
      "retail_unit_size": "1",
      "retail_pack_size": "1",
      "retail_price_per_unit": 37.38,
      "retail_display": "$37.38/lb",
      "is_organic": false,
      "is_gluten_free": true,
      "is_vegan": true,
      "is_kosher": false,
      "is_non_gmo": false,
      "is_local": false,
      "is_imported": false,
      "search_terms": [
        "avocado",
        "pulp",
        "other",
        "produce",
        "6x2"
      ],
      "upc": null,
      "processed_at": "2025-06-25T12:36:12.969234"
    },
    {
      "sku": "BALDOR_MU3",
      "supplier_sku": "MU3",
      "name": "MUSH SHIITAKE XLG 3 LB",
      "category": "Produce/Other",
      "brand": "Baldor",
      "supplier_id": "BALD001",
      "supplier_name": "Baldor Specialty Foods",
      "unit_size": "3 LB CTN",
      "unit_type": "case",
      "wholesale_price": 23.0,
      "retail_price": 23.0,
      "retail_unit_type": "lb",
      "retail_unit_size": "1",
      "retail_pack_size": "1",
      "retail_price_per_unit": 7.67,
      "retail_display": "$7.67/lb",
      "is_organic": false,
      "is_gluten_free": true,
      "is_vegan": true,
      "is_kosher": false,
      "is_non_gmo": false,
      "is_local": false,
      "is_imported": false,
      "search_terms": [
        "shiitake",
        "other",
        "produce",
        "mush",
        "xlg"
      ],
      "upc": null,
      "processed_at": "2025-06-25T12:36:12.969242"
    },
    {
      "sku": "BALDOR_MU3AAA",
      "supplier_sku": "MU3AAA",
      "name": "MUSH SHIITAKE OAKWOOD 5 LB RI MUSH LCL",
      "category": "Produce/Other",
      "brand": "Baldor",
      "supplier_id": "BALD001",
      "supplier_name": "Baldor Specialty Foods",
      "unit_size": "5 LB CTN",
      "unit_type": "case",
      "wholesale_price": 38.75,
      "retail_price": 38.75,
      "retail_unit_type": "lb",
      "retail_unit_size": "1",
      "retail_pack_size": "1",
      "retail_price_per_unit": 7.75,
      "retail_display": "$7.75/lb",
      "is_organic": false,
      "is_gluten_free": true,
      "is_vegan": true,
      "is_kosher": false,
      "is_non_gmo": false,
      "is_local": true,
      "is_imported": false,
      "search_terms": [
        "shiitake",
        "lcl",
        "other",
        "produce",
        "mush",
        "oakwood"
      ],
      "upc": null,
      "processed_at": "2025-06-25T12:36:12.969251"
    },
    {
      "sku": "BALDOR_BA",
      "supplier_sku": "BA",
      "name": "BANANA BOX SINGLES 10 LB",
      "category": "Produce/Fruit/Tropical",
      "brand": "Baldor",
      "supplier_id": "BALD001",
      "supplier_name": "Baldor Specialty Foods",
      "unit_size": "10 LB CTN",
      "unit_type": "case",
      "wholesale_price": 10.25,
      "retail_price": 10.25,
      "retail_unit_type": "lb",
      "retail_unit_size": "1",
      "retail_pack_size": "1",
      "retail_price_per_unit": 1.02,
      "retail_display": "$1.02/lb",
      "is_organic": false,
      "is_gluten_free": true,
      "is_vegan": true,
      "is_kosher": false,
      "is_non_gmo": false,
      "is_local": false,
      "is_imported": false,
      "search_terms": [
        "banana",
        "fruit",
        "produce",
        "box",
        "tropical",
        "singles"
      ],
      "upc": null,
      "processed_at": "2025-06-25T12:36:12.969259"
    },
    {
      "sku": "BALDOR_MU4",
      "supplier_sku": "MU4",
      "name": "MUSH PORTOBELLO LG 5 LB",
      "category": "Produce/Other",
      "brand": "Baldor",
      "supplier_id": "BALD001",
      "supplier_name": "Baldor Specialty Foods",
      "unit_size": "5 LB CTN",
      "unit_type": "case",
      "wholesale_price": 20.75,
      "retail_price": 20.75,
      "retail_unit_type": "lb",
      "retail_unit_size": "1",
      "retail_pack_size": "1",
      "retail_price_per_unit": 4.15,
      "retail_display": "$4.15/lb",
      "is_organic": false,
      "is_gluten_free": true,
      "is_vegan": true,
      "is_kosher": false,
      "is_non_gmo": false,
      "is_local": false,
      "is_imported": false,
      "search_terms": [
        "produce",
        "mush",
        "portobello",
        "other"
      ],
      "upc": null,
      "processed_at": "2025-06-25T12:36:12.969266"
    },
    {
      "sku": "BALDOR_BA1",
      "supplier_sku": "BA1",
      "name": "BANANA READY TO GO NO 6 40 LB",
      "category": "Produce/Fruit/Tropical",
      "brand": "Baldor",
      "supplier_id": "BALD001",
      "supplier_name": "Baldor Specialty Foods",
      "unit_size": "40 LB CTN",
      "unit_type": "case",
      "wholesale_price": 27.25,
      "retail_price": 27.25,
      "retail_unit_type": "lb",
      "retail_unit_size": "1",
      "retail_pack_size": "1",
      "retail_price_per_unit": 0.68,
      "retail_display": "$0.68/lb",
      "is_organic": false,
      "is_gluten_free": true,
      "is_vegan": true,
      "is_kosher": false,
      "is_non_gmo": false,
      "is_local": false,
      "is_imported": false,
      "search_terms": [
        "ready",
        "banana",
        "fruit",
        "produce",
        "tropical"
      ],
      "upc": null,
      "processed_at": "2025-06-25T12:36:12.969274"
    },
    {
      "sku": "BALDOR_MU5",
      "supplier_sku": "MU5",
      "name": "MUSH PORTOBELLO MED 5 LB",
      "category": "Produce/Other",
      "brand": "Baldor",
      "supplier_id": "BALD001",
      "supplier_name": "Baldor Specialty Foods",
      "unit_size": "5 LB CTN",
      "unit_type": "case",
      "wholesale_price": 18.0,
      "retail_price": 18.0,
      "retail_unit_type": "lb",
      "retail_unit_size": "1",
      "retail_pack_size": "1",
      "retail_price_per_unit": 3.6,
      "retail_display": "$3.60/lb",
      "is_organic": false,
      "is_gluten_free": true,
      "is_vegan": true,
      "is_kosher": false,
      "is_non_gmo": false,
      "is_local": false,
      "is_imported": false,
      "search_terms": [
        "portobello",
        "other",
        "med",
        "produce",
        "mush"
      ],
      "upc": null,
      "processed_at": "2025-06-25T12:36:12.969281"
    },
    {
      "sku": "BALDOR_BA2",
      "supplier_sku": "BA2",
      "name": "BANANA GREEN TIPS NO 5 40 LB",
      "category": "Produce/Fruit/Tropical",
      "brand": "Baldor",
      "supplier_id": "BALD001",
      "supplier_name": "Baldor Specialty Foods",
      "unit_size": "40 LB CTN",
      "unit_type": "case",
      "wholesale_price": 27.25,
      "retail_price": 27.25,
      "retail_unit_type": "lb",
      "retail_unit_size": "1",
      "retail_pack_size": "1",
      "retail_price_per_unit": 0.68,
      "retail_display": "$0.68/lb",
      "is_organic": false,
      "is_gluten_free": true,
      "is_vegan": true,
      "is_kosher": false,
      "is_non_gmo": false,
      "is_local": false,
      "is_imported": false,
      "search_terms": [
        "banana",
        "tips",
        "fruit",
        "produce",
        "green",
        "tropical"
      ],
      "upc": null,
      "processed_at": "2025-06-25T12:36:12.969288"
    },
    {
      "sku": "BALDOR_MU5A",
      "supplier_sku": "MU5A",
      "name": "MUSH PORTOBELLO CAP 3.5 15-18 CT 3 LB",
      "category": "Produce/Other",
      "brand": "Baldor",
      "supplier_id": "BALD001",
      "supplier_name": "Baldor Specialty Foods",
      "unit_size": "15-18 CT CTN",
      "unit_type": "case",
      "wholesale_price": 17.0,
      "retail_price": 17.0,
      "retail_unit_type": "each",
      "retail_unit_size": "1",
      "retail_pack_size": "1",
      "retail_price_per_unit": 0.94,
      "retail_display": "$0.94/each",
      "is_organic": false,
      "is_gluten_free": true,
      "is_vegan": true,
      "is_kosher": false,
      "is_non_gmo": false,
      "is_local": false,
      "is_imported": false,
      "search_terms": [
        "3.5",
        "cap",
        "portobello",
        "other",
        "produce",
        "mush"
      ],
      "upc": null,
      "processed_at": "2025-06-25T12:36:12.969302"
    },
    {
      "sku": "BALDOR_BA3",
      "supplier_sku": "BA3",
      "name": "BANANA TWO DAYS AWAY NO 4 40 LB",
      "category": "Produce/Fruit/Tropical",
      "brand": "Baldor",
      "supplier_id": "BALD001",
      "supplier_name": "Baldor Specialty Foods",
      "unit_size": "40 LB CTN",
      "unit_type": "case",
      "wholesale_price": 23.5,
      "retail_price": 23.5,
      "retail_unit_type": "lb",
      "retail_unit_size": "1",
      "retail_pack_size": "1",
      "retail_price_per_unit": 0.59,
      "retail_display": "$0.59/lb",
      "is_organic": false,
      "is_gluten_free": true,
      "is_vegan": true,
      "is_kosher": false,
      "is_non_gmo": false,
      "is_local": false,
      "is_imported": false,
      "search_terms": [
        "two",
        "banana",
        "away",
        "fruit",
        "days",
        "produce",
        "tropical"
      ],
      "upc": null,
      "processed_at": "2025-06-25T12:36:12.969310"
    },
    {
      "sku": "BALDOR_MU5B",
      "supplier_sku": "MU5B",
      "name": "MUSH PORTOBELLO CAP 4.5 11-14 CT 3 LB",
      "category": "Produce/Other",
      "brand": "Baldor",
      "supplier_id": "BALD001",
      "supplier_name": "Baldor Specialty Foods",
      "unit_size": "11-14 CT CTN",
      "unit_type": "case",
      "wholesale_price": 17.0,
      "retail_price": 17.0,
      "retail_unit_type": "each",
      "retail_unit_size": "1",
      "retail_pack_size": "1",
      "retail_price_per_unit": 1.21,
      "retail_display": "$1.21/each",
      "is_organic": false,
      "is_gluten_free": true,
      "is_vegan": true,
      "is_kosher": false,
      "is_non_gmo": false,
      "is_local": false,
      "is_imported": false,
      "search_terms": [
        "cap",
        "portobello",
        "other",
        "produce",
        "4.5",
        "mush"
      ],
      "upc": null,
      "processed_at": "2025-06-25T12:36:12.969319"
    },
    {
      "sku": "BALDOR_BA4",
      "supplier_sku": "BA4",
      "name": "BANANA GREEN 40 LB",
      "category": "Produce/Fruit/Tropical",
      "brand": "Baldor",
      "supplier_id": "BALD001",
      "supplier_name": "Baldor Specialty Foods",
      "unit_size": "How CTN",
      "unit_type": "case",
      "wholesale_price": 23.5,
      "retail_price": 23.5,
      "retail_unit_type": "case",
      "retail_unit_size": "HOW CTN",
      "retail_pack_size": "1",
      "retail_price_per_unit": 23.5,
      "retail_display": "$23.50/case",
      "is_organic": false,
      "is_gluten_free": true,
      "is_vegan": true,
      "is_kosher": false,
      "is_non_gmo": false,
      "is_local": false,
      "is_imported": false,
      "search_terms": [
        "banana",
        "fruit",
        "produce",
        "green",
        "tropical"
      ],
      "upc": null,
      "processed_at": "2025-06-25T12:36:12.969327"
    },
    {
      "sku": "BALDOR_MU6",
      "supplier_sku": "MU6",
      "name": "MUSH CREMINI 5 LB",
      "category": "Produce/Other",
      "brand": "Baldor",
      "supplier_id": "BALD001",
      "supplier_name": "Baldor Specialty Foods",
      "unit_size": "5 LB CTN",
      "unit_type": "case",
      "wholesale_price": 18.0,
      "retail_price": 18.0,
      "retail_unit_type": "lb",
      "retail_unit_size": "1",
      "retail_pack_size": "1",
      "retail_price_per_unit": 3.6,
      "retail_display": "$3.60/lb",
      "is_organic": false,
      "is_gluten_free": true,
      "is_vegan": true,
      "is_kosher": false,
      "is_non_gmo": false,
      "is_local": false,
      "is_imported": false,
      "search_terms": [
        "produce",
        "mush",
        "other",
        "cremini"
      ],
      "upc": null,
      "processed_at": "2025-06-25T12:36:12.969334"
    },
    {
      "sku": "BALDOR_BA6",
      "supplier_sku": "BA6",
      "name": "PLANTAINS YELLOW 40 LB",
      "category": "Produce/Other",
      "brand": "Baldor",
      "supplier_id": "BALD001",
      "supplier_name": "Baldor Specialty Foods",
      "unit_size": "40 LB CTN",
      "unit_type": "case",
      "wholesale_price": 59.75,
      "retail_price": 59.75,
      "retail_unit_type": "lb",
      "retail_unit_size": "1",
      "retail_pack_size": "1",
      "retail_price_per_unit": 1.49,
      "retail_display": "$1.49/lb",
      "is_organic": false,
      "is_gluten_free": true,
      "is_vegan": true,
      "is_kosher": false,
      "is_non_gmo": false,
      "is_local": false,
      "is_imported": false,
      "search_terms": [
        "plantains",
        "produce",
        "yellow",
        "other"
      ],
      "upc": null,
      "processed_at": "2025-06-25T12:36:12.969341"
    },
    {
      "sku": "BALDOR_MU6A",
      "supplier_sku": "MU6A",
      "name": "MUSH CREMINI 10 LB",
      "category": "Produce/Other",
      "brand": "Baldor",
      "supplier_id": "BALD001",
      "supplier_name": "Baldor Specialty Foods",
      "unit_size": "10 LB CTN",
      "unit_type": "case",
      "wholesale_price": 32.0,
      "retail_price": 32.0,
      "retail_unit_type": "lb",
      "retail_unit_size": "1",
      "retail_pack_size": "1",
      "retail_price_per_unit": 3.2,
      "retail_display": "$3.20/lb",
      "is_organic": false,
      "is_gluten_free": true,
      "is_vegan": true,
      "is_kosher": false,
      "is_non_gmo": false,
      "is_local": false,
      "is_imported": false,
      "search_terms": [
        "produce",
        "mush",
        "other",
        "cremini"
      ],
      "upc": null,
      "processed_at": "2025-06-25T12:36:12.969348"
    },
    {
      "sku": "BALDOR_BA7",
      "supplier_sku": "BA7",
      "name": "PLANTAINS GREEN 40 LB",
      "category": "Produce/Other",
      "brand": "Baldor",
      "supplier_id": "BALD001",
      "supplier_name": "Baldor Specialty Foods",
      "unit_size": "40 LB CTN",
      "unit_type": "case",
      "wholesale_price": 39.0,
      "retail_price": 39.0,
      "retail_unit_type": "lb",
      "retail_unit_size": "1",
      "retail_pack_size": "1",
      "retail_price_per_unit": 0.97,
      "retail_display": "$0.97/lb",
      "is_organic": false,
      "is_gluten_free": true,
      "is_vegan": true,
      "is_kosher": false,
      "is_non_gmo": false,
      "is_local": false,
      "is_imported": false,
      "search_terms": [
        "plantains",
        "produce",
        "green",
        "other"
      ],
      "upc": null,
      "processed_at": "2025-06-25T12:36:12.969355"
    },
    {
      "sku": "BALDOR_MU7",
      "supplier_sku": "MU7",
      "name": "MUSH OYSTER 5 LB",
      "category": "Produce/Other",
      "brand": "Baldor",
      "supplier_id": "BALD001",
      "supplier_name": "Baldor Specialty Foods",
      "unit_size": "5 LB CTN",
      "unit_type": "case",
      "wholesale_price": 31.5,
      "retail_price": 31.5,
      "retail_unit_type": "lb",
      "retail_unit_size": "1",
      "retail_pack_size": "1",
      "retail_price_per_unit": 6.3,
      "retail_display": "$6.30/lb",
      "is_organic": false,
      "is_gluten_free": true,
      "is_vegan": true,
      "is_kosher": false,
      "is_non_gmo": false,
      "is_local": false,
      "is_imported": false,
      "search_terms": [
        "produce",
        "mush",
        "other",
        "oyster"
      ],
      "upc": null,
      "processed_at": "2025-06-25T12:36:12.969362"
    },
    {
      "sku": "BALDOR_BA65",
      "supplier_sku": "BA65",
      "name": "YELLOW PLANTAINS 10 LB",
      "category": "Produce/Other",
      "brand": "Baldor",
      "supplier_id": "BALD001",
      "supplier_name": "Baldor Specialty Foods",
      "unit_size": "10 LB CTN",
      "unit_type": "case",
      "wholesale_price": 24.5,
      "retail_price": 24.5,
      "retail_unit_type": "lb",
      "retail_unit_size": "1",
      "retail_pack_size": "1",
      "retail_price_per_unit": 2.45,
      "retail_display": "$2.45/lb",
      "is_organic": false,
      "is_gluten_free": true,
      "is_vegan": true,
      "is_kosher": false,
      "is_non_gmo": false,
      "is_local": false,
      "is_imported": false,
      "search_terms": [
        "plantains",
        "produce",
        "yellow",
        "other"
      ],
      "upc": null,
      "processed_at": "2025-06-25T12:36:12.969369"
    },
    {
      "sku": "BALDOR_MU7A",
      "supplier_sku": "MU7A",
      "name": "MUSH OYSTER YELLOW 3 LB",
      "category": "Produce/Other",
      "brand": "Baldor",
      "supplier_id": "BALD001",
      "supplier_name": "Baldor Specialty Foods",
      "unit_size": "3 LB CTN",
      "unit_type": "case",
      "wholesale_price": 25.25,
      "retail_price": 25.25,
      "retail_unit_type": "lb",
      "retail_unit_size": "1",
      "retail_pack_size": "1",
      "retail_price_per_unit": 8.42,
      "retail_display": "$8.42/lb",
      "is_organic": false,
      "is_gluten_free": true,
      "is_vegan": true,
      "is_kosher": false,
      "is_non_gmo": false,
      "is_local": false,
      "is_imported": false,
      "search_terms": [
        "oyster",
        "other",
        "produce",
        "mush",
        "yellow"
      ],
      "upc": null,
      "processed_at": "2025-06-25T12:36:12.969376"
    },
    {
      "sku": "BALDOR_BA9",
      "supplier_sku": "BA9",
      "name": "BABY BANANAS 15 LBS",
      "category": "Produce/Fruit/Tropical",
      "brand": "Baldor",
      "supplier_id": "BALD001",
      "supplier_name": "Baldor Specialty Foods",
      "unit_size": "15 LB CTN",
      "unit_type": "case",
      "wholesale_price": 31.25,
      "retail_price": 31.25,
      "retail_unit_type": "lb",
      "retail_unit_size": "1",
      "retail_pack_size": "1",
      "retail_price_per_unit": 2.08,
      "retail_display": "$2.08/lb",
      "is_organic": false,
      "is_gluten_free": true,
      "is_vegan": true,
      "is_kosher": false,
      "is_non_gmo": false,
      "is_local": false,
      "is_imported": false,
      "search_terms": [
        "lbs",
        "baby",
        "fruit",
        "bananas",
        "produce",
        "tropical"
      ],
      "upc": null,
      "processed_at": "2025-06-25T12:36:12.969383"
    },
    {
      "sku": "BALDOR_MU9",
      "supplier_sku": "MU9",
      "name": "MUSH SILVER DOLLAR WHITE 3 LB",
      "category": "Produce/Other",
      "brand": "Baldor",
      "supplier_id": "BALD001",
      "supplier_name": "Baldor Specialty Foods",
      "unit_size": "3 LB CTN",
      "unit_type": "case",
      "wholesale_price": 14.0,
      "retail_price": 14.0,
      "retail_unit_type": "lb",
      "retail_unit_size": "1",
      "retail_pack_size": "1",
      "retail_price_per_unit": 4.67,
      "retail_display": "$4.67/lb",
      "is_organic": false,
      "is_gluten_free": true,
      "is_vegan": true,
      "is_kosher": false,
      "is_non_gmo": false,
      "is_local": false,
      "is_imported": false,
      "search_terms": [
        "white",
        "dollar",
        "other",
        "silver",
        "produce",
        "mush"
      ],
      "upc": null,
      "processed_at": "2025-06-25T12:36:12.969390"
    },
    {
      "sku": "BALDOR_BA91",
      "supplier_sku": "BA91",
      "name": "RED BANANAS 20 LBS",
      "category": "Produce/Fruit/Tropical",
      "brand": "Baldor",
      "supplier_id": "BALD001",
      "supplier_name": "Baldor Specialty Foods",
      "unit_size": "20 LB CTN",
      "unit_type": "case",
      "wholesale_price": 34.5,
      "retail_price": 34.5,
      "retail_unit_type": "lb",
      "retail_unit_size": "1",
      "retail_pack_size": "1",
      "retail_price_per_unit": 1.73,
      "retail_display": "$1.73/lb",
      "is_organic": false,
      "is_gluten_free": true,
      "is_vegan": true,
      "is_kosher": false,
      "is_non_gmo": false,
      "is_local": false,
      "is_imported": false,
      "search_terms": [
        "lbs",
        "fruit",
        "bananas",
        "red",
        "produce",
        "tropical"
      ],
      "upc": null,
      "processed_at": "2025-06-25T12:36:12.969397"
    },
    {
      "sku": "BALDOR_MU90",
      "supplier_sku": "MU90",
      "name": "MUSH SILVER DOLLARS WHITE 10 LB",
      "category": "Produce/Other",
      "brand": "Baldor",
      "supplier_id": "BALD001",
      "supplier_name": "Baldor Specialty Foods",
      "unit_size": "10 LB CTN",
      "unit_type": "case",
      "wholesale_price": 31.0,
      "retail_price": 31.0,
      "retail_unit_type": "lb",
      "retail_unit_size": "1",
      "retail_pack_size": "1",
      "retail_price_per_unit": 3.1,
      "retail_display": "$3.10/lb",
      "is_organic": false,
      "is_gluten_free": true,
      "is_vegan": true,
      "is_kosher": false,
      "is_non_gmo": false,
      "is_local": false,
      "is_imported": false,
      "search_terms": [
        "dollars",
        "white",
        "other",
        "silver",
        "produce",
        "mush"
      ],
      "upc": null,
      "processed_at": "2025-06-25T12:36:12.969405"
    },
    {
      "sku": "BALDOR_BA80",
      "supplier_sku": "BA80",
      "name": "FROZEN BANANAS LEAVES 16 X 1 LB",
      "category": "Produce/Fruit/Tropical",
      "brand": "Baldor",
      "supplier_id": "BALD001",
      "supplier_name": "Baldor Specialty Foods",
      "unit_size": "16 CT CTN",
      "unit_type": "case",
      "wholesale_price": 41.5,
      "retail_price": 41.5,
      "retail_unit_type": "each",
      "retail_unit_size": "1",
      "retail_pack_size": "1",
      "retail_price_per_unit": 2.59,
      "retail_display": "$2.59/each",
      "is_organic": false,
      "is_gluten_free": true,
      "is_vegan": true,
      "is_kosher": false,
      "is_non_gmo": false,
      "is_local": false,
      "is_imported": false,
      "search_terms": [
        "fruit",
        "bananas",
        "produce",
        "tropical",
        "leaves",
        "frozen"
      ],
      "upc": null,
      "processed_at": "2025-06-25T12:36:12.969413"
    },
    {
      "sku": "BALDOR_MU92",
      "supplier_sku": "MU92",
      "name": "MUSH BUT WHITE GRADE 1 10 LB",
      "category": "Produce/Other",
      "brand": "Baldor",
      "supplier_id": "BALD001",
      "supplier_name": "Baldor Specialty Foods",
      "unit_size": "10 LB CTN",
      "unit_type": "case",
      "wholesale_price": 29.5,
      "retail_price": 29.5,
      "retail_unit_type": "lb",
      "retail_unit_size": "1",
      "retail_pack_size": "1",
      "retail_price_per_unit": 2.95,
      "retail_display": "$2.95/lb",
      "is_organic": false,
      "is_gluten_free": true,
      "is_vegan": true,
      "is_kosher": false,
      "is_non_gmo": false,
      "is_local": false,
      "is_imported": false,
      "search_terms": [
        "grade",
        "white",
        "other",
        "produce",
        "but",
        "mush"
      ],
      "upc": null,
      "processed_at": "2025-06-25T12:36:12.969421"
    },
    {
      "sku": "BALDOR_BA80B",
      "supplier_sku": "BA80B",
      "name": "BANANA SLICED IQF 20 LB",
      "category": "Produce/Fruit/Tropical",
      "brand": "Baldor",
      "supplier_id": "BALD001",
      "supplier_name": "Baldor Specialty Foods",
      "unit_size": "20 LB CTN",
      "unit_type": "case",
      "wholesale_price": 30.0,
      "retail_price": 30.0,
      "retail_unit_type": "lb",
      "retail_unit_size": "1",
      "retail_pack_size": "1",
      "retail_price_per_unit": 1.5,
      "retail_display": "$1.50/lb",
      "is_organic": false,
      "is_gluten_free": true,
      "is_vegan": true,
      "is_kosher": false,
      "is_non_gmo": false,
      "is_local": false,
      "is_imported": false,
      "search_terms": [
        "banana",
        "iqf",
        "fruit",
        "produce",
        "tropical",
        "sliced"
      ],
      "upc": null,
      "processed_at": "2025-06-25T12:36:12.969428"
    },
    {
      "sku": "BALDOR_MU93AB",
      "supplier_sku": "MU93AB",
      "name": "MUSH EXOTIC BLEND OYSTER CRIMINI SHITAKE SLCD 3 LB",
      "category": "Produce/Other",
      "brand": "Baldor",
      "supplier_id": "BALD001",
      "supplier_name": "Baldor Specialty Foods",
      "unit_size": "3 LB CTN",
      "unit_type": "case",
      "wholesale_price": 26.0,
      "retail_price": 26.0,
      "retail_unit_type": "lb",
      "retail_unit_size": "1",
      "retail_pack_size": "1",
      "retail_price_per_unit": 8.67,
      "retail_display": "$8.67/lb",
      "is_organic": false,
      "is_gluten_free": true,
      "is_vegan": true,
      "is_kosher": false,
      "is_non_gmo": false,
      "is_local": false,
      "is_imported": false,
      "search_terms": [
        "slcd",
        "blend",
        "oyster",
        "shitake",
        "crimini",
        "other",
        "produce",
        "exotic",
        "mush"
      ],
      "upc": null,
      "processed_at": "2025-06-25T12:36:12.969437"
    },
    {
      "sku": "BALDOR_BEA",
      "supplier_sku": "BEA",
      "name": "BEAN FRENCH HARICOT VERT 5 LB",
      "category": "Produce/Other",
      "brand": "Baldor",
      "supplier_id": "BALD001",
      "supplier_name": "Baldor Specialty Foods",
      "unit_size": "5 LB CTN",
      "unit_type": "case",
      "wholesale_price": 13.0,
      "retail_price": 13.0,
      "retail_unit_type": "lb",
      "retail_unit_size": "1",
      "retail_pack_size": "1",
      "retail_price_per_unit": 2.6,
      "retail_display": "$2.60/lb",
      "is_organic": false,
      "is_gluten_free": true,
      "is_vegan": true,
      "is_kosher": false,
      "is_non_gmo": false,
      "is_local": false,
      "is_imported": false,
      "search_terms": [
        "vert",
        "haricot",
        "other",
        "produce",
        "french",
        "bean"
      ],
      "upc": null,
      "processed_at": "2025-06-25T12:36:12.969445"
    },
    {
      "sku": "BALDOR_MU97",
      "supplier_sku": "MU97",
      "name": "MUSH MAITAKE/HEN OF THE WOODS 3 LB",
      "category": "Produce/Other",
      "brand": "Baldor",
      "supplier_id": "BALD001",
      "supplier_name": "Baldor Specialty Foods",
      "unit_size": "3 LB CTN",
      "unit_type": "case",
      "wholesale_price": 42.25,
      "retail_price": 42.25,
      "retail_unit_type": "lb",
      "retail_unit_size": "1",
      "retail_pack_size": "1",
      "retail_price_per_unit": 14.08,
      "retail_display": "$14.08/lb",
      "is_organic": false,
      "is_gluten_free": true,
      "is_vegan": true,
      "is_kosher": false,
      "is_non_gmo": false,
      "is_local": false,
      "is_imported": false,
      "search_terms": [
        "maitake",
        "woods",
        "other",
        "produce",
        "hen",
        "mush"
      ],
      "upc": null,
      "processed_at": "2025-06-25T12:36:12.969454"
    },
    {
      "sku": "BALDOR_MU97.1",
      "supplier_sku": "MU97.1",
      "name": "MUSH MAITAKE 3 LB RI MUSH LCL",
      "category": "Produce/Other",
      "brand": "Baldor",
      "supplier_id": "BALD001",
      "supplier_name": "Baldor Specialty Foods",
      "unit_size": "3 LB CTN",
      "unit_type": "case",
      "wholesale_price": 55.75,
      "retail_price": 55.75,
      "retail_unit_type": "lb",
      "retail_unit_size": "1",
      "retail_pack_size": "1",
      "retail_price_per_unit": 18.58,
      "retail_display": "$18.58/lb",
      "is_organic": false,
      "is_gluten_free": true,
      "is_vegan": true,
      "is_kosher": false,
      "is_non_gmo": false,
      "is_local": true,
      "is_imported": false,
      "search_terms": [
        "lcl",
        "maitake",
        "other",
        "produce",
        "mush"
      ],
      "upc": null,
      "processed_at": "2025-06-25T12:36:12.969464"
    },
    {
      "sku": "BALDOR_BEA1RCS",
      "supplier_sku": "BEA1RCS",
      "name": "BEANS WASHED SNIPPED 12X12 OZ PERO FAMILY FARMS",
      "category": "Produce/Other",
      "brand": "Baldor",
      "supplier_id": "BALD001",
      "supplier_name": "Baldor Specialty Foods",
      "unit_size": "12 OZ CTN",
      "unit_type": "case",
      "wholesale_price": 36.25,
      "retail_price": 36.25,
      "retail_unit_type": "oz",
      "retail_unit_size": "1",
      "retail_pack_size": "1",
      "retail_price_per_unit": 3.02,
      "retail_display": "$3.02/oz",
      "is_organic": false,
      "is_gluten_free": true,
      "is_vegan": true,
      "is_kosher": false,
      "is_non_gmo": false,
      "is_local": false,
      "is_imported": false,
      "search_terms": [
        "snipped",
        "pero",
        "farms",
        "other",
        "family",
        "produce",
        "beans",
        "washed",
        "12x12"
      ],
      "upc": null,
      "processed_at": "2025-06-25T12:36:12.969473"
    },
    {
      "sku": "BALDOR_MU990A",
      "supplier_sku": "MU990A",
      "name": "MUSH HON SHIMEJI BROWN 3 LB",
      "category": "Produce/Other",
      "brand": "Baldor",
      "supplier_id": "BALD001",
      "supplier_name": "Baldor Specialty Foods",
      "unit_size": "3 LB CTN",
      "unit_type": "case",
      "wholesale_price": 20.0,
      "retail_price": 20.0,
      "retail_unit_type": "lb",
      "retail_unit_size": "1",
      "retail_pack_size": "1",
      "retail_price_per_unit": 6.67,
      "retail_display": "$6.67/lb",
      "is_organic": false,
      "is_gluten_free": true,
      "is_vegan": true,
      "is_kosher": false,
      "is_non_gmo": false,
      "is_local": false,
      "is_imported": false,
      "search_terms": [
        "shimeji",
        "other",
        "hon",
        "produce",
        "mush",
        "brown"
      ],
      "upc": null,
      "processed_at": "2025-06-25T12:36:12.969481"
    },
    {
      "sku": "BALDOR_BEA20",
      "supplier_sku": "BEA20",
      "name": "BEANS WAX 25 LB",
      "category": "Produce/Other",
      "brand": "Baldor",
      "supplier_id": "BALD001",
      "supplier_name": "Baldor Specialty Foods",
      "unit_size": "25 LB CTN",
      "unit_type": "case",
      "wholesale_price": 51.5,
      "retail_price": 51.5,
      "retail_unit_type": "lb",
      "retail_unit_size": "1",
      "retail_pack_size": "1",
      "retail_price_per_unit": 2.06,
      "retail_display": "$2.06/lb",
      "is_organic": false,
      "is_gluten_free": true,
      "is_vegan": true,
      "is_kosher": false,
      "is_non_gmo": false,
      "is_local": false,
      "is_imported": false,
      "search_terms": [
        "wax",
        "produce",
        "beans",
        "other"
      ],
      "upc": null,
      "processed_at": "2025-06-25T12:36:12.969488"
    },
    {
      "sku": "BALDOR_MU9920",
      "supplier_sku": "MU9920",
      "name": "MUSH TRUMPET ROYAL 11 LB ASIAN",
      "category": "Produce/Other",
      "brand": "Baldor",
      "supplier_id": "BALD001",
      "supplier_name": "Baldor Specialty Foods",
      "unit_size": "11 LB CTN",
      "unit_type": "case",
      "wholesale_price": 33.5,
      "retail_price": 33.5,
      "retail_unit_type": "lb",
      "retail_unit_size": "1",
      "retail_pack_size": "1",
      "retail_price_per_unit": 3.05,
      "retail_display": "$3.05/lb",
      "is_organic": false,
      "is_gluten_free": true,
      "is_vegan": true,
      "is_kosher": false,
      "is_non_gmo": false,
      "is_local": false,
      "is_imported": false,
      "search_terms": [
        "royal",
        "other",
        "produce",
        "mush",
        "trumpet",
        "asian"
      ],
      "upc": null,
      "processed_at": "2025-06-25T12:36:12.969495"
    },
    {
      "sku": "BALDOR_BEA3",
      "supplier_sku": "BEA3",
      "name": "BEANS FAVA 10 LB",
      "category": "Produce/Other",
      "brand": "Baldor",
      "supplier_id": "BALD001",
      "supplier_name": "Baldor Specialty Foods",
      "unit_size": "10 LB CTN",
      "unit_type": "case",
      "wholesale_price": 35.25,
      "retail_price": 35.25,
      "retail_unit_type": "lb",
      "retail_unit_size": "1",
      "retail_pack_size": "1",
      "retail_price_per_unit": 3.52,
      "retail_display": "$3.52/lb",
      "is_organic": false,
      "is_gluten_free": true,
      "is_vegan": true,
      "is_kosher": false,
      "is_non_gmo": false,
      "is_local": false,
      "is_imported": false,
      "search_terms": [
        "other",
        "produce",
        "fava",
        "beans"
      ],
      "upc": null,
      "processed_at": "2025-06-25T12:36:12.969503"
    },
    {
      "sku": "BALDOR_MU994Z",
      "supplier_sku": "MU994Z",
      "name": "MUSH SLICED WHITE 12X8 OZ",
      "category": "Produce/Other",
      "brand": "Baldor",
      "supplier_id": "BALD001",
      "supplier_name": "Baldor Specialty Foods",
      "unit_size": "8 OZ CTN",
      "unit_type": "case",
      "wholesale_price": 25.25,
      "retail_price": 25.25,
      "retail_unit_type": "oz",
      "retail_unit_size": "1",
      "retail_pack_size": "1",
      "retail_price_per_unit": 3.16,
      "retail_display": "$3.16/oz",
      "is_organic": false,
      "is_gluten_free": true,
      "is_vegan": true,
      "is_kosher": false,
      "is_non_gmo": false,
      "is_local": false,
      "is_imported": false,
      "search_terms": [
        "white",
        "other",
        "12x8",
        "produce",
        "mush",
        "sliced"
      ],
      "upc": null,
      "processed_at": "2025-06-25T12:36:12.969510"
    },
    {
      "sku": "BALDOR_BEA8B",
      "supplier_sku": "BEA8B",
      "name": "BEANS FRENCH SNIPPED ONE END 5 LB",
      "category": "Produce/Other",
      "brand": "Baldor",
      "supplier_id": "BALD001",
      "supplier_name": "Baldor Specialty Foods",
      "unit_size": "5 LB CTN",
      "unit_type": "case",
      "wholesale_price": 17.5,
      "retail_price": 17.5,
      "retail_unit_type": "lb",
      "retail_unit_size": "1",
      "retail_pack_size": "1",
      "retail_price_per_unit": 3.5,
      "retail_display": "$3.50/lb",
      "is_organic": false,
      "is_gluten_free": true,
      "is_vegan": true,
      "is_kosher": false,
      "is_non_gmo": false,
      "is_local": false,
      "is_imported": false,
      "search_terms": [
        "snipped",
        "other",
        "one",
        "end",
        "produce",
        "french",
        "beans"
      ],
      "upc": null,
      "processed_at": "2025-06-25T12:36:12.969519"
    },
    {
      "sku": "BALDOR_MU995",
      "supplier_sku": "MU995",
      "name": "MUSH WHITE CELLO PACKS 12X8 OZ",
      "category": "Produce/Other",
      "brand": "Baldor",
      "supplier_id": "BALD001",
      "supplier_name": "Baldor Specialty Foods",
      "unit_size": "8 OZ CTN",
      "unit_type": "case",
      "wholesale_price": 24.25,
      "retail_price": 24.25,
      "retail_unit_type": "oz",
      "retail_unit_size": "1",
      "retail_pack_size": "1",
      "retail_price_per_unit": 3.03,
      "retail_display": "$3.03/oz",
      "is_organic": false,
      "is_gluten_free": true,
      "is_vegan": true,
      "is_kosher": false,
      "is_non_gmo": false,
      "is_local": false,
      "is_imported": false,
      "search_terms": [
        "cello",
        "white",
        "other",
        "packs",
        "12x8",
        "produce",
        "mush"
      ],
      "upc": null,
      "processed_at": "2025-06-25T12:36:12.969527"
    },
    {
      "sku": "BALDOR_BEA8Y",
      "supplier_sku": "BEA8Y",
      "name": "BEANS STRING SNIPPED 2 END CUT 2X5 LB",
      "category": "Produce/Other",
      "brand": "Baldor",
      "supplier_id": "BALD001",
      "supplier_name": "Baldor Specialty Foods",
      "unit_size": "5 LB CTN",
      "unit_type": "case",
      "wholesale_price": 36.5,
      "retail_price": 36.5,
      "retail_unit_type": "lb",
      "retail_unit_size": "1",
      "retail_pack_size": "1",
      "retail_price_per_unit": 7.3,
      "retail_display": "$7.30/lb",
      "is_organic": false,
      "is_gluten_free": true,
      "is_vegan": true,
      "is_kosher": false,
      "is_non_gmo": false,
      "is_local": false,
      "is_imported": false,
      "search_terms": [
        "2x5",
        "snipped",
        "other",
        "end",
        "produce",
        "string",
        "beans",
        "cut"
      ],
      "upc": null,
      "processed_at": "2025-06-25T12:36:12.969536"
    },
    {
      "sku": "BALDOR_BEA92",
      "supplier_sku": "BEA92",
      "name": "BEANS STRING SNIPPED 2X5 LB",
      "category": "Produce/Other",
      "brand": "Baldor",
      "supplier_id": "BALD001",
      "supplier_name": "Baldor Specialty Foods",
      "unit_size": "5 LB CTN",
      "unit_type": "case",
      "wholesale_price": 30.0,
      "retail_price": 30.0,
      "retail_unit_type": "lb",
      "retail_unit_size": "1",
      "retail_pack_size": "1",
      "retail_price_per_unit": 6.0,
      "retail_display": "$6.00/lb",
      "is_organic": false,
      "is_gluten_free": true,
      "is_vegan": true,
      "is_kosher": false,
      "is_non_gmo": false,
      "is_local": false,
      "is_imported": false,
      "search_terms": [
        "2x5",
        "snipped",
        "other",
        "produce",
        "string",
        "beans"
      ],
      "upc": null,
      "processed_at": "2025-06-25T12:36:12.969543"
    },
    {
      "sku": "BALDOR_G1SC",
      "supplier_sku": "G1SC",
      "name": "GARLIC SUPER COLOSSAL 30 LB USA",
      "category": "Produce/Other",
      "brand": "Baldor",
      "supplier_id": "BALD001",
      "supplier_name": "Baldor Specialty Foods",
      "unit_size": "30 LB CTN",
      "unit_type": "case",
      "wholesale_price": 112.0,
      "retail_price": 112.0,
      "retail_unit_type": "lb",
      "retail_unit_size": "1",
      "retail_pack_size": "1",
      "retail_price_per_unit": 3.73,
      "retail_display": "$3.73/lb",
      "is_organic": false,
      "is_gluten_free": true,
      "is_vegan": true,
      "is_kosher": false,
      "is_non_gmo": false,
      "is_local": false,
      "is_imported": false,
      "search_terms": [
        "usa",
        "other",
        "super",
        "produce",
        "garlic",
        "colossal"
      ],
      "upc": null,
      "processed_at": "2025-06-25T12:36:12.969551"
    },
    {
      "sku": "BALDOR_BEA9D",
      "supplier_sku": "BEA9D",
      "name": "BEANS FLAT DUTCH RUNNER",
      "category": "Produce/Other",
      "brand": "Baldor",
      "supplier_id": "BALD001",
      "supplier_name": "Baldor Specialty Foods",
      "unit_size": "8.8 LB CTN",
      "unit_type": "case",
      "wholesale_price": 93.25,
      "retail_price": 93.25,
      "retail_unit_type": "lb",
      "retail_unit_size": "1",
      "retail_pack_size": "1",
      "retail_price_per_unit": 10.6,
      "retail_display": "$10.60/lb",
      "is_organic": false,
      "is_gluten_free": true,
      "is_vegan": true,
      "is_kosher": false,
      "is_non_gmo": false,
      "is_local": false,
      "is_imported": false,
      "search_terms": [
        "runner",
        "flat",
        "other",
        "dutch",
        "produce",
        "beans"
      ],
      "upc": null,
      "processed_at": "2025-06-25T12:36:12.969558"
    },
    {
      "sku": "BALDOR_ON",
      "supplier_sku": "ON",
      "name": "ONION SPANISH 50 LB",
      "category": "Produce/Vegetables/Onions",
      "brand": "Baldor",
      "supplier_id": "BALD001",
      "supplier_name": "Baldor Specialty Foods",
      "unit_size": "50 LB CTN",
      "unit_type": "case",
      "wholesale_price": 23.0,
      "retail_price": 23.0,
      "retail_unit_type": "lb",
      "retail_unit_size": "1",
      "retail_pack_size": "1",
      "retail_price_per_unit": 0.46,
      "retail_display": "$0.46/lb",
      "is_organic": false,
      "is_gluten_free": true,
      "is_vegan": true,
      "is_kosher": false,
      "is_non_gmo": false,
      "is_local": false,
      "is_imported": false,
      "search_terms": [
        "onions",
        "onion",
        "vegetables",
        "spanish",
        "produce"
      ],
      "upc": null,
      "processed_at": "2025-06-25T12:36:12.969565"
    },
    {
      "sku": "BALDOR_PS",
      "supplier_sku": "PS",
      "name": "PEAS SNOW 10 LB",
      "category": "Produce/Vegetables/Peas",
      "brand": "Baldor",
      "supplier_id": "BALD001",
      "supplier_name": "Baldor Specialty Foods",
      "unit_size": "10 LB CTN",
      "unit_type": "case",
      "wholesale_price": 17.5,
      "retail_price": 17.5,
      "retail_unit_type": "lb",
      "retail_unit_size": "1",
      "retail_pack_size": "1",
      "retail_price_per_unit": 1.75,
      "retail_display": "$1.75/lb",
      "is_organic": false,
      "is_gluten_free": true,
      "is_vegan": true,
      "is_kosher": false,
      "is_non_gmo": false,
      "is_local": false,
      "is_imported": false,
      "search_terms": [
        "peas",
        "vegetables",
        "produce",
        "snow"
      ],
      "upc": null,
      "processed_at": "2025-06-25T12:36:12.969572"
    },
    {
      "sku": "BALDOR_ON1",
      "supplier_sku": "ON1",
      "name": "ONION YELLOW MEDIUM 50 LB",
      "category": "Produce/Vegetables/Onions",
      "brand": "Baldor",
      "supplier_id": "BALD001",
      "supplier_name": "Baldor Specialty Foods",
      "unit_size": "50 LB CTN",
      "unit_type": "case",
      "wholesale_price": 21.0,
      "retail_price": 21.0,
      "retail_unit_type": "lb",
      "retail_unit_size": "1",
      "retail_pack_size": "1",
      "retail_price_per_unit": 0.42,
      "retail_display": "$0.42/lb",
      "is_organic": false,
      "is_gluten_free": true,
      "is_vegan": true,
      "is_kosher": false,
      "is_non_gmo": false,
      "is_local": false,
      "is_imported": false,
      "search_terms": [
        "onions",
        "onion",
        "vegetables",
        "produce",
        "medium",
        "yellow"
      ],
      "upc": null,
      "processed_at": "2025-06-25T12:36:12.969578"
    },
    {
      "sku": "BALDOR_PS1",
      "supplier_sku": "PS1",
      "name": "PEAS SUGAR SNAP 10 LB",
      "category": "Produce/Vegetables/Peas",
      "brand": "Baldor",
      "supplier_id": "BALD001",
      "supplier_name": "Baldor Specialty Foods",
      "unit_size": "10 LB CTN",
      "unit_type": "case",
      "wholesale_price": 19.5,
      "retail_price": 19.5,
      "retail_unit_type": "lb",
      "retail_unit_size": "1",
      "retail_pack_size": "1",
      "retail_price_per_unit": 1.95,
      "retail_display": "$1.95/lb",
      "is_organic": false,
      "is_gluten_free": true,
      "is_vegan": true,
      "is_kosher": false,
      "is_non_gmo": false,
      "is_local": false,
      "is_imported": false,
      "search_terms": [
        "peas",
        "vegetables",
        "produce",
        "sugar",
        "snap"
      ],
      "upc": null,
      "processed_at": "2025-06-25T12:36:12.969585"
    },
    {
      "sku": "BALDOR_ON5",
      "supplier_sku": "ON5",
      "name": "ONION RED MEDIUM 25 LB",
      "category": "Produce/Vegetables/Onions",
      "brand": "Baldor",
      "supplier_id": "BALD001",
      "supplier_name": "Baldor Specialty Foods",
      "unit_size": "25 LB CTN",
      "unit_type": "case",
      "wholesale_price": 17.5,
      "retail_price": 17.5,
      "retail_unit_type": "lb",
      "retail_unit_size": "1",
      "retail_pack_size": "1",
      "retail_price_per_unit": 0.7,
      "retail_display": "$0.70/lb",
      "is_organic": false,
      "is_gluten_free": true,
      "is_vegan": true,
      "is_kosher": false,
      "is_non_gmo": false,
      "is_local": false,
      "is_imported": false,
      "search_terms": [
        "onions",
        "onion",
        "vegetables",
        "red",
        "produce",
        "medium"
      ],
      "upc": null,
      "processed_at": "2025-06-25T12:36:12.969592"
    },
    {
      "sku": "BALDOR_PS1RT",
      "supplier_sku": "PS1RT",
      "name": "PEAS ENGLISH RTL 6X6 OZ PERO FAMILY FARMS",
      "category": "Produce/Vegetables/Peas",
      "brand": "Baldor",
      "supplier_id": "BALD001",
      "supplier_name": "Baldor Specialty Foods",
      "unit_size": "6 OZ CTN",
      "unit_type": "case",
      "wholesale_price": 22.75,
      "retail_price": 22.75,
      "retail_unit_type": "oz",
      "retail_unit_size": "1",
      "retail_pack_size": "1",
      "retail_price_per_unit": 3.79,
      "retail_display": "$3.79/oz",
      "is_organic": false,
      "is_gluten_free": true,
      "is_vegan": true,
      "is_kosher": false,
      "is_non_gmo": false,
      "is_local": false,
      "is_imported": false,
      "search_terms": [
        "peas",
        "6x6",
        "pero",
        "farms",
        "english",
        "family",
        "vegetables",
        "rtl",
        "produce"
      ],
      "upc": null,
      "processed_at": "2025-06-25T12:36:12.969601"
    },
    {
      "sku": "BALDOR_ON5A",
      "supplier_sku": "ON5A",
      "name": "ONION RED JUMBO 25 LB",
      "category": "Produce/Vegetables/Onions",
      "brand": "Baldor",
      "supplier_id": "BALD001",
      "supplier_name": "Baldor Specialty Foods",
      "unit_size": "25 LB CTN",
      "unit_type": "case",
      "wholesale_price": 18.5,
      "retail_price": 18.5,
      "retail_unit_type": "lb",
      "retail_unit_size": "1",
      "retail_pack_size": "1",
      "retail_price_per_unit": 0.74,
      "retail_display": "$0.74/lb",
      "is_organic": false,
      "is_gluten_free": true,
      "is_vegan": true,
      "is_kosher": false,
      "is_non_gmo": false,
      "is_local": false,
      "is_imported": false,
      "search_terms": [
        "onions",
        "onion",
        "vegetables",
        "red",
        "produce",
        "jumbo"
      ],
      "upc": null,
      "processed_at": "2025-06-25T12:36:12.969608"
    },
    {
      "sku": "BALDOR_PS2A",
      "supplier_sku": "PS2A",
      "name": "PEAS SUGAR SNAP STRINGLESS 10 LB CALIFORNIA",
      "category": "Produce/Vegetables/Peas",
      "brand": "Baldor",
      "supplier_id": "BALD001",
      "supplier_name": "Baldor Specialty Foods",
      "unit_size": "10 LB CTN",
      "unit_type": "case",
      "wholesale_price": 42.25,
      "retail_price": 42.25,
      "retail_unit_type": "lb",
      "retail_unit_size": "1",
      "retail_pack_size": "1",
      "retail_price_per_unit": 4.22,
      "retail_display": "$4.22/lb",
      "is_organic": false,
      "is_gluten_free": true,
      "is_vegan": true,
      "is_kosher": false,
      "is_non_gmo": false,
      "is_local": false,
      "is_imported": false,
      "search_terms": [
        "peas",
        "vegetables",
        "stringless",
        "produce",
        "california",
        "sugar",
        "snap"
      ],
      "upc": null,
      "processed_at": "2025-06-25T12:36:12.969618"
    },
    {
      "sku": "BALDOR_ON5B",
      "supplier_sku": "ON5B",
      "name": "ONIONS RED JUMBO XFCY RTL 40 LB",
      "category": "Produce/Vegetables/Onions",
      "brand": "Baldor",
      "supplier_id": "BALD001",
      "supplier_name": "Baldor Specialty Foods",
      "unit_size": "40 LB CTN",
      "unit_type": "case",
      "wholesale_price": 59.75,
      "retail_price": 59.75,
      "retail_unit_type": "lb",
      "retail_unit_size": "1",
      "retail_pack_size": "1",
      "retail_price_per_unit": 1.49,
      "retail_display": "$1.49/lb",
      "is_organic": false,
      "is_gluten_free": true,
      "is_vegan": true,
      "is_kosher": false,
      "is_non_gmo": false,
      "is_local": false,
      "is_imported": false,
      "search_terms": [
        "xfcy",
        "onions",
        "vegetables",
        "red",
        "rtl",
        "produce",
        "jumbo"
      ],
      "upc": null,
      "processed_at": "2025-06-25T12:36:12.969625"
    },
    {
      "sku": "BALDOR_PS3",
      "supplier_sku": "PS3",
      "name": "PEAS ENGLISH IN SHELL 10 LB",
      "category": "Produce/Vegetables/Peas",
      "brand": "Baldor",
      "supplier_id": "BALD001",
      "supplier_name": "Baldor Specialty Foods",
      "unit_size": "10 LB CTN",
      "unit_type": "case",
      "wholesale_price": 39.0,
      "retail_price": 39.0,
      "retail_unit_type": "lb",
      "retail_unit_size": "1",
      "retail_pack_size": "1",
      "retail_price_per_unit": 3.9,
      "retail_display": "$3.90/lb",
      "is_organic": false,
      "is_gluten_free": true,
      "is_vegan": true,
      "is_kosher": false,
      "is_non_gmo": false,
      "is_local": false,
      "is_imported": false,
      "search_terms": [
        "peas",
        "vegetables",
        "english",
        "produce",
        "shell"
      ],
      "upc": null,
      "processed_at": "2025-06-25T12:36:12.969637"
    },
    {
      "sku": "BALDOR_ON9",
      "supplier_sku": "ON9",
      "name": "ONION PEARL RED 12 CT",
      "category": "Produce/Vegetables/Onions",
      "brand": "Baldor",
      "supplier_id": "BALD001",
      "supplier_name": "Baldor Specialty Foods",
      "unit_size": "12 CT CTN",
      "unit_type": "case",
      "wholesale_price": 33.0,
      "retail_price": 33.0,
      "retail_unit_type": "each",
      "retail_unit_size": "1",
      "retail_pack_size": "1",
      "retail_price_per_unit": 2.75,
      "retail_display": "$2.75/each",
      "is_organic": false,
      "is_gluten_free": true,
      "is_vegan": true,
      "is_kosher": false,
      "is_non_gmo": false,
      "is_local": false,
      "is_imported": false,
      "search_terms": [
        "onions",
        "onion",
        "pearl",
        "vegetables",
        "red",
        "produce"
      ],
      "upc": null,
      "processed_at": "2025-06-25T12:36:12.969646"
    },
    {
      "sku": "BALDOR_PS3P",
      "supplier_sku": "PS3P",
      "name": "PER FAMILY FARMS SUGAR SNAP PEAS 6 X 8 OZ",
      "category": "Produce/Vegetables/Peas",
      "brand": "Baldor",
      "supplier_id": "BALD001",
      "supplier_name": "Baldor Specialty Foods",
      "unit_size": "6 X 8 OZ CTN",
      "unit_type": "case",
      "wholesale_price": 23.25,
      "retail_price": 23.25,
      "retail_unit_type": "oz",
      "retail_unit_size": "1",
      "retail_pack_size": "1",
      "retail_price_per_unit": 2.91,
      "retail_display": "$2.91/oz",
      "is_organic": false,
      "is_gluten_free": true,
      "is_vegan": true,
      "is_kosher": false,
      "is_non_gmo": false,
      "is_local": false,
      "is_imported": false,
      "search_terms": [
        "peas",
        "vegetables",
        "farms",
        "family",
        "produce",
        "per",
        "sugar",
        "snap"
      ],
      "upc": null,
      "processed_at": "2025-06-25T12:36:12.969655"
    },
    {
      "sku": "BALDOR_ON94",
      "supplier_sku": "ON94",
      "name": "ONION CIPOLLINI 10 LB",
      "category": "Produce/Vegetables/Onions",
      "brand": "Baldor",
      "supplier_id": "BALD001",
      "supplier_name": "Baldor Specialty Foods",
      "unit_size": "10 LB CTN",
      "unit_type": "case",
      "wholesale_price": 29.25,
      "retail_price": 29.25,
      "retail_unit_type": "lb",
      "retail_unit_size": "1",
      "retail_pack_size": "1",
      "retail_price_per_unit": 2.92,
      "retail_display": "$2.92/lb",
      "is_organic": false,
      "is_gluten_free": true,
      "is_vegan": true,
      "is_kosher": false,
      "is_non_gmo": false,
      "is_local": false,
      "is_imported": false,
      "search_terms": [
        "onions",
        "onion",
        "vegetables",
        "produce",
        "cipollini"
      ],
      "upc": null,
      "processed_at": "2025-06-25T12:36:12.969662"
    },
    {
      "sku": "BALDOR_PS3I",
      "supplier_sku": "PS3I",
      "name": "IMPORTED ITALIAN ENGLISH PEAS 6.6 LB",
      "category": "Produce/Vegetables/Peas",
      "brand": "Baldor",
      "supplier_id": "BALD001",
      "supplier_name": "Baldor Specialty Foods",
      "unit_size": "6.6 LB CTN",
      "unit_type": "case",
      "wholesale_price": 74.75,
      "retail_price": 74.75,
      "retail_unit_type": "lb",
      "retail_unit_size": "1",
      "retail_pack_size": "1",
      "retail_price_per_unit": 11.33,
      "retail_display": "$11.33/lb",
      "is_organic": false,
      "is_gluten_free": true,
      "is_vegan": true,
      "is_kosher": false,
      "is_non_gmo": false,
      "is_local": false,
      "is_imported": true,
      "search_terms": [
        "peas",
        "italian",
        "vegetables",
        "english",
        "produce",
        "imported",
        "6.6"
      ],
      "upc": null,
      "processed_at": "2025-06-25T12:36:12.969670"
    },
    {
      "sku": "BALDOR_ON96",
      "supplier_sku": "ON96",
      "name": "ONION SPRING WITH TOPS 24 CT",
      "category": "Produce/Vegetables/Onions",
      "brand": "Baldor",
      "supplier_id": "BALD001",
      "supplier_name": "Baldor Specialty Foods",
      "unit_size": "24 CT CTN",
      "unit_type": "case",
      "wholesale_price": 26.0,
      "retail_price": 26.0,
      "retail_unit_type": "each",
      "retail_unit_size": "1",
      "retail_pack_size": "1",
      "retail_price_per_unit": 1.08,
      "retail_display": "$1.08/each",
      "is_organic": false,
      "is_gluten_free": true,
      "is_vegan": true,
      "is_kosher": false,
      "is_non_gmo": false,
      "is_local": false,
      "is_imported": false,
      "search_terms": [
        "onions",
        "tops",
        "onion",
        "vegetables",
        "produce",
        "spring"
      ],
      "upc": null,
      "processed_at": "2025-06-25T12:36:12.969679"
    },
    {
      "sku": "BALDOR_PS1A1",
      "supplier_sku": "PS1A1",
      "name": "SNIPPED SNOW PEAS 5 LB",
      "category": "Produce/Vegetables/Peas",
      "brand": "Baldor",
      "supplier_id": "BALD001",
      "supplier_name": "Baldor Specialty Foods",
      "unit_size": "5 LB CTN",
      "unit_type": "case",
      "wholesale_price": 53.75,
      "retail_price": 53.75,
      "retail_unit_type": "lb",
      "retail_unit_size": "1",
      "retail_pack_size": "1",
      "retail_price_per_unit": 10.75,
      "retail_display": "$10.75/lb",
      "is_organic": false,
      "is_gluten_free": true,
      "is_vegan": true,
      "is_kosher": false,
      "is_non_gmo": false,
      "is_local": false,
      "is_imported": false,
      "search_terms": [
        "peas",
        "snipped",
        "vegetables",
        "produce",
        "snow"
      ],
      "upc": null,
      "processed_at": "2025-06-25T12:36:12.969686"
    },
    {
      "sku": "BALDOR_ON98BRT",
      "supplier_sku": "ON98BRT",
      "name": "ONIONS SWEET BAG 12X3 LB SHUMAN",
      "category": "Produce/Vegetables/Onions",
      "brand": "Baldor",
      "supplier_id": "BALD001",
      "supplier_name": "Baldor Specialty Foods",
      "unit_size": "3 LB CTN",
      "unit_type": "case",
      "wholesale_price": 48.25,
      "retail_price": 48.25,
      "retail_unit_type": "lb",
      "retail_unit_size": "1",
      "retail_pack_size": "1",
      "retail_price_per_unit": 16.08,
      "retail_display": "$16.08/lb",
      "is_organic": false,
      "is_gluten_free": true,
      "is_vegan": true,
      "is_kosher": false,
      "is_non_gmo": false,
      "is_local": false,
      "is_imported": false,
      "search_terms": [
        "onions",
        "shuman",
        "vegetables",
        "bag",
        "produce",
        "sweet",
        "12x3"
      ],
      "upc": null,
      "processed_at": "2025-06-25T12:36:12.969693"
    },
    {
      "sku": "BALDOR_PS2R",
      "supplier_sku": "PS2R",
      "name": "PERO FAMILY FARMS SNOW PEAS 6 X 6OZ",
      "category": "Produce/Vegetables/Peas",
      "brand": "Baldor",
      "supplier_id": "BALD001",
      "supplier_name": "Baldor Specialty Foods",
      "unit_size": "6 X 6 OZ CTN",
      "unit_type": "case",
      "wholesale_price": 22.25,
      "retail_price": 22.25,
      "retail_unit_type": "oz",
      "retail_unit_size": "1",
      "retail_pack_size": "1",
      "retail_price_per_unit": 3.71,
      "retail_display": "$3.71/oz",
      "is_organic": false,
      "is_gluten_free": true,
      "is_vegan": true,
      "is_kosher": false,
      "is_non_gmo": false,
      "is_local": false,
      "is_imported": false,
      "search_terms": [
        "peas",
        "6oz",
        "pero",
        "farms",
        "vegetables",
        "family",
        "produce",
        "snow"
      ],
      "upc": null,
      "processed_at": "2025-06-25T12:36:12.969702"
    },
    {
      "sku": "BALDOR_ON992B",
      "supplier_sku": "ON992B",
      "name": "ONION SPANISH SUPER COLOSSAL 50 LB",
      "category": "Produce/Vegetables/Onions",
      "brand": "Baldor",
      "supplier_id": "BALD001",
      "supplier_name": "Baldor Specialty Foods",
      "unit_size": "50 LB CTN",
      "unit_type": "case",
      "wholesale_price": 31.5,
      "retail_price": 31.5,
      "retail_unit_type": "lb",
      "retail_unit_size": "1",
      "retail_pack_size": "1",
      "retail_price_per_unit": 0.63,
      "retail_display": "$0.63/lb",
      "is_organic": false,
      "is_gluten_free": true,
      "is_vegan": true,
      "is_kosher": false,
      "is_non_gmo": false,
      "is_local": false,
      "is_imported": false,
      "search_terms": [
        "onions",
        "onion",
        "vegetables",
        "spanish",
        "super",
        "produce",
        "colossal"
      ],
      "upc": null,
      "processed_at": "2025-06-25T12:36:12.969709"
    },
    {
      "sku": "BALDOR_PS31C",
      "supplier_sku": "PS31C",
      "name": "PEAS ENGLISH SHELLED 6X6 OZ PERO FAMILY FARMS",
      "category": "Produce/Vegetables/Peas",
      "brand": "Baldor",
      "supplier_id": "BALD001",
      "supplier_name": "Baldor Specialty Foods",
      "unit_size": "6 OZ CTN",
      "unit_type": "case",
      "wholesale_price": 22.5,
      "retail_price": 22.5,
      "retail_unit_type": "oz",
      "retail_unit_size": "1",
      "retail_pack_size": "1",
      "retail_price_per_unit": 3.75,
      "retail_display": "$3.75/oz",
      "is_organic": false,
      "is_gluten_free": true,
      "is_vegan": true,
      "is_kosher": false,
      "is_non_gmo": false,
      "is_local": false,
      "is_imported": false,
      "search_terms": [
        "peas",
        "6x6",
        "pero",
        "farms",
        "english",
        "family",
        "vegetables",
        "shelled",
        "produce"
      ],
      "upc": null,
      "processed_at": "2025-06-25T12:36:12.969718"
    },
    {
      "sku": "BALDOR_SC1D",
      "supplier_sku": "SC1D",
      "name": "SCALLIONS ICELESS 24 CT",
      "category": "Produce/Other",
      "brand": "Baldor",
      "supplier_id": "BALD001",
      "supplier_name": "Baldor Specialty Foods",
      "unit_size": "12CT CTN",
      "unit_type": "case",
      "wholesale_price": 21.25,
      "retail_price": 21.25,
      "retail_unit_type": "each",
      "retail_unit_size": "1",
      "retail_pack_size": "1",
      "retail_price_per_unit": 1.77,
      "retail_display": "$1.77/each",
      "is_organic": false,
      "is_gluten_free": true,
      "is_vegan": true,
      "is_kosher": false,
      "is_non_gmo": false,
      "is_local": false,
      "is_imported": false,
      "search_terms": [
        "scallions",
        "iceless",
        "produce",
        "other"
      ],
      "upc": null,
      "processed_at": "2025-06-25T12:36:12.969727"
    },
    {
      "sku": "BALDOR_SC2A",
      "supplier_sku": "SC2A",
      "name": "SCALLIONS ICELESS 48 CT (4X12 CT)",
      "category": "Produce/Other",
      "brand": "Baldor",
      "supplier_id": "BALD001",
      "supplier_name": "Baldor Specialty Foods",
      "unit_size": "12CT CTN",
      "unit_type": "case",
      "wholesale_price": 28.25,
      "retail_price": 28.25,
      "retail_unit_type": "each",
      "retail_unit_size": "1",
      "retail_pack_size": "1",
      "retail_price_per_unit": 2.35,
      "retail_display": "$2.35/each",
      "is_organic": false,
      "is_gluten_free": true,
      "is_vegan": true,
      "is_kosher": false,
      "is_non_gmo": false,
      "is_local": false,
      "is_imported": false,
      "search_terms": [
        "scallions",
        "iceless",
        "other",
        "(4x12",
        "produce",
        "ct)"
      ],
      "upc": null,
      "processed_at": "2025-06-25T12:36:12.969736"
    },
    {
      "sku": "BALDOR_SH",
      "supplier_sku": "SH",
      "name": "SHALLOTS 5 LB",
      "category": "Produce/Other",
      "brand": "Baldor",
      "supplier_id": "BALD001",
      "supplier_name": "Baldor Specialty Foods",
      "unit_size": "5 LB EACH",
      "unit_type": "case",
      "wholesale_price": 20.5,
      "retail_price": 20.5,
      "retail_unit_type": "lb",
      "retail_unit_size": "1",
      "retail_pack_size": "1",
      "retail_price_per_unit": 4.1,
      "retail_display": "$4.10/lb",
      "is_organic": false,
      "is_gluten_free": true,
      "is_vegan": true,
      "is_kosher": false,
      "is_non_gmo": false,
      "is_local": false,
      "is_imported": false,
      "search_terms": [
        "produce",
        "shallots",
        "other"
      ],
      "upc": null,
      "processed_at": "2025-06-25T12:36:12.969743"
    },
    {
      "sku": "BALDOR_BE0",
      "supplier_sku": "BE0",
      "name": "DRISCOLL'S RAINBOW PACK BERRIES 8 X 7 OZ",
      "category": "Produce/Other",
      "brand": "Baldor",
      "supplier_id": "BALD001",
      "supplier_name": "Baldor Specialty Foods",
      "unit_size": "8 X 7 OZ CTN",
      "unit_type": "case",
      "wholesale_price": 46.75,
      "retail_price": 46.75,
      "retail_unit_type": "oz",
      "retail_unit_size": "1",
      "retail_pack_size": "1",
      "retail_price_per_unit": 6.68,
      "retail_display": "$6.68/oz",
      "is_organic": false,
      "is_gluten_free": true,
      "is_vegan": true,
      "is_kosher": false,
      "is_non_gmo": false,
      "is_local": false,
      "is_imported": false,
      "search_terms": [
        "rainbow",
        "pack",
        "other",
        "driscoll's",
        "produce",
        "berries"
      ],
      "upc": null,
      "processed_at": "2025-06-25T12:36:12.969752"
    },
    {
      "sku": "BALDOR_SH1",
      "supplier_sku": "SH1",
      "name": "SHALLOTS 10 LB",
      "category": "Produce/Other",
      "brand": "Baldor",
      "supplier_id": "BALD001",
      "supplier_name": "Baldor Specialty Foods",
      "unit_size": "10 LB CTN",
      "unit_type": "case",
      "wholesale_price": 31.0,
      "retail_price": 31.0,
      "retail_unit_type": "lb",
      "retail_unit_size": "1",
      "retail_pack_size": "1",
      "retail_price_per_unit": 3.1,
      "retail_display": "$3.10/lb",
      "is_organic": false,
      "is_gluten_free": true,
      "is_vegan": true,
      "is_kosher": false,
      "is_non_gmo": false,
      "is_local": false,
      "is_imported": false,
      "search_terms": [
        "produce",
        "shallots",
        "other"
      ],
      "upc": null,
      "processed_at": "2025-06-25T12:36:12.969759"
    },
    {
      "sku": "BALDOR_BE1D2",
      "supplier_sku": "BE1D2",
      "name": "STRAWBERRIES 4 X 1 LB",
      "category": "Produce/Other",
      "brand": "Baldor",
      "supplier_id": "BALD001",
      "supplier_name": "Baldor Specialty Foods",
      "unit_size": "4 X 1LB CTN",
      "unit_type": "case",
      "wholesale_price": 26.5,
      "retail_price": 26.5,
      "retail_unit_type": "lb",
      "retail_unit_size": "1",
      "retail_pack_size": "1",
      "retail_price_per_unit": 26.5,
      "retail_display": "$26.50/lb",
      "is_organic": false,
      "is_gluten_free": true,
      "is_vegan": true,
      "is_kosher": false,
      "is_non_gmo": false,
      "is_local": false,
      "is_imported": false,
      "search_terms": [
        "produce",
        "strawberries",
        "other"
      ],
      "upc": null,
      "processed_at": "2025-06-25T12:36:12.969766"
    },
    {
      "sku": "BALDOR_BE",
      "supplier_sku": "BE",
      "name": "STRAWBERRIES 8X1 LB",
      "category": "Produce/Other",
      "brand": "Baldor",
      "supplier_id": "BALD001",
      "supplier_name": "Baldor Specialty Foods",
      "unit_size": "1 LB CTN",
      "unit_type": "case",
      "wholesale_price": 30.0,
      "retail_price": 30.0,
      "retail_unit_type": "lb",
      "retail_unit_size": "1",
      "retail_pack_size": "1",
      "retail_price_per_unit": 30.0,
      "retail_display": "$30.00/lb",
      "is_organic": false,
      "is_gluten_free": true,
      "is_vegan": true,
      "is_kosher": false,
      "is_non_gmo": false,
      "is_local": false,
      "is_imported": false,
      "search_terms": [
        "produce",
        "8x1",
        "strawberries",
        "other"
      ],
      "upc": null,
      "processed_at": "2025-06-25T12:36:12.969773"
    },
    {
      "sku": "BALDOR_PR0",
      "supplier_sku": "PR0",
      "name": "PEARS BARTLETT 70 CT",
      "category": "Produce/Vegetables/Peas",
      "brand": "Baldor",
      "supplier_id": "BALD001",
      "supplier_name": "Baldor Specialty Foods",
      "unit_size": "70 CT CTN",
      "unit_type": "case",
      "wholesale_price": 80.25,
      "retail_price": 80.25,
      "retail_unit_type": "each",
      "retail_unit_size": "1",
      "retail_pack_size": "1",
      "retail_price_per_unit": 1.15,
      "retail_display": "$1.15/each",
      "is_organic": false,
      "is_gluten_free": true,
      "is_vegan": true,
      "is_kosher": false,
      "is_non_gmo": false,
      "is_local": false,
      "is_imported": false,
      "search_terms": [
        "bartlett",
        "peas",
        "pears",
        "vegetables",
        "produce"
      ],
      "upc": null,
      "processed_at": "2025-06-25T12:36:12.969782"
    },
    {
      "sku": "BALDOR_PR01",
      "supplier_sku": "PR01",
      "name": "PEARS BARTLETT 80 CT",
      "category": "Produce/Vegetables/Peas",
      "brand": "Baldor",
      "supplier_id": "BALD001",
      "supplier_name": "Baldor Specialty Foods",
      "unit_size": "80 CT CTN",
      "unit_type": "case",
      "wholesale_price": 59.5,
      "retail_price": 59.5,
      "retail_unit_type": "each",
      "retail_unit_size": "1",
      "retail_pack_size": "1",
      "retail_price_per_unit": 0.74,
      "retail_display": "$0.74/each",
      "is_organic": false,
      "is_gluten_free": true,
      "is_vegan": true,
      "is_kosher": false,
      "is_non_gmo": false,
      "is_local": false,
      "is_imported": false,
      "search_terms": [
        "bartlett",
        "peas",
        "pears",
        "vegetables",
        "produce"
      ],
      "upc": null,
      "processed_at": "2025-06-25T12:36:12.969789"
    },
    {
      "sku": "BALDOR_BE2A",
      "supplier_sku": "BE2A",
      "name": "STEMBERRIES 4X1 LB",
      "category": "Produce/Other",
      "brand": "Baldor",
      "supplier_id": "BALD001",
      "supplier_name": "Baldor Specialty Foods",
      "unit_size": "1 LB CTN",
      "unit_type": "case",
      "wholesale_price": 34.25,
      "retail_price": 34.25,
      "retail_unit_type": "lb",
      "retail_unit_size": "1",
      "retail_pack_size": "1",
      "retail_price_per_unit": 34.25,
      "retail_display": "$34.25/lb",
      "is_organic": false,
      "is_gluten_free": true,
      "is_vegan": true,
      "is_kosher": false,
      "is_non_gmo": false,
      "is_local": false,
      "is_imported": false,
      "search_terms": [
        "produce",
        "stemberries",
        "4x1",
        "other"
      ],
      "upc": null,
      "processed_at": "2025-06-25T12:36:12.969796"
    },
    {
      "sku": "BALDOR_PR2",
      "supplier_sku": "PR2",
      "name": "PEARS ANJOU 80 CT",
      "category": "Produce/Vegetables/Peas",
      "brand": "Baldor",
      "supplier_id": "BALD001",
      "supplier_name": "Baldor Specialty Foods",
      "unit_size": "80 CT CTN",
      "unit_type": "case",
      "wholesale_price": 72.75,
      "retail_price": 72.75,
      "retail_unit_type": "each",
      "retail_unit_size": "1",
      "retail_pack_size": "1",
      "retail_price_per_unit": 0.91,
      "retail_display": "$0.91/each",
      "is_organic": false,
      "is_gluten_free": true,
      "is_vegan": true,
      "is_kosher": false,
      "is_non_gmo": false,
      "is_local": false,
      "is_imported": false,
      "search_terms": [
        "peas",
        "pears",
        "vegetables",
        "anjou",
        "produce"
      ],
      "upc": null,
      "processed_at": "2025-06-25T12:36:12.969808"
    },
    {
      "sku": "BALDOR_BE2B",
      "supplier_sku": "BE2B",
      "name": "RASPBERRIES 12X6 OZ DRISCOLL",
      "category": "Produce/Other",
      "brand": "Baldor",
      "supplier_id": "BALD001",
      "supplier_name": "Baldor Specialty Foods",
      "unit_size": "6 OZ CTN",
      "unit_type": "case",
      "wholesale_price": 49.5,
      "retail_price": 49.5,
      "retail_unit_type": "oz",
      "retail_unit_size": "1",
      "retail_pack_size": "1",
      "retail_price_per_unit": 8.25,
      "retail_display": "$8.25/oz",
      "is_organic": false,
      "is_gluten_free": true,
      "is_vegan": true,
      "is_kosher": false,
      "is_non_gmo": false,
      "is_local": false,
      "is_imported": false,
      "search_terms": [
        "raspberries",
        "other",
        "produce",
        "driscoll",
        "12x6"
      ],
      "upc": null,
      "processed_at": "2025-06-25T12:36:12.969816"
    },
    {
      "sku": "BALDOR_PR20A",
      "supplier_sku": "PR20A",
      "name": "PEARS RED 1/2 CTN",
      "category": "Produce/Vegetables/Peas",
      "brand": "Baldor",
      "supplier_id": "BALD001",
      "supplier_name": "Baldor Specialty Foods",
      "unit_size": "55 CT CTN",
      "unit_type": "case",
      "wholesale_price": 34.0,
      "retail_price": 34.0,
      "retail_unit_type": "each",
      "retail_unit_size": "1",
      "retail_pack_size": "1",
      "retail_price_per_unit": 0.62,
      "retail_display": "$0.62/each",
      "is_organic": false,
      "is_gluten_free": true,
      "is_vegan": true,
      "is_kosher": false,
      "is_non_gmo": false,
      "is_local": false,
      "is_imported": false,
      "search_terms": [
        "peas",
        "pears",
        "ctn",
        "vegetables",
        "red",
        "produce"
      ],
      "upc": null,
      "processed_at": "2025-06-25T12:36:12.969824"
    },
    {
      "sku": "BALDOR_BE2BB",
      "supplier_sku": "BE2BB",
      "name": "RASPBERRIES 12X6 OZ CALIFORNIA GIANT",
      "category": "Produce/Other",
      "brand": "Baldor",
      "supplier_id": "BALD001",
      "supplier_name": "Baldor Specialty Foods",
      "unit_size": "6 OZ CTN",
      "unit_type": "case",
      "wholesale_price": 46.25,
      "retail_price": 46.25,
      "retail_unit_type": "oz",
      "retail_unit_size": "1",
      "retail_pack_size": "1",
      "retail_price_per_unit": 7.71,
      "retail_display": "$7.71/oz",
      "is_organic": false,
      "is_gluten_free": true,
      "is_vegan": true,
      "is_kosher": false,
      "is_non_gmo": false,
      "is_local": false,
      "is_imported": false,
      "search_terms": [
        "raspberries",
        "giant",
        "other",
        "produce",
        "california",
        "12x6"
      ],
      "upc": null,
      "processed_at": "2025-06-25T12:36:12.969833"
    },
    {
      "sku": "BALDOR_PR4",
      "supplier_sku": "PR4",
      "name": "PEARS BOSC 100 CT",
      "category": "Produce/Vegetables/Peas",
      "brand": "Baldor",
      "supplier_id": "BALD001",
      "supplier_name": "Baldor Specialty Foods",
      "unit_size": "100 CT CTN",
      "unit_type": "case",
      "wholesale_price": 82.5,
      "retail_price": 82.5,
      "retail_unit_type": "each",
      "retail_unit_size": "1",
      "retail_pack_size": "1",
      "retail_price_per_unit": 0.82,
      "retail_display": "$0.82/each",
      "is_organic": false,
      "is_gluten_free": true,
      "is_vegan": true,
      "is_kosher": false,
      "is_non_gmo": false,
      "is_local": false,
      "is_imported": false,
      "search_terms": [
        "peas",
        "pears",
        "bosc",
        "vegetables",
        "produce",
        "100"
      ],
      "upc": null,
      "processed_at": "2025-06-25T12:36:12.969842"
    },
    {
      "sku": "BALDOR_BE3A",
      "supplier_sku": "BE3A",
      "name": "BLUEBERRIES 12X6 OZ",
      "category": "Produce/Other",
      "brand": "Baldor",
      "supplier_id": "BALD001",
      "supplier_name": "Baldor Specialty Foods",
      "unit_size": "6 OZ CTN",
      "unit_type": "case",
      "wholesale_price": 29.5,
      "retail_price": 29.5,
      "retail_unit_type": "oz",
      "retail_unit_size": "1",
      "retail_pack_size": "1",
      "retail_price_per_unit": 4.92,
      "retail_display": "$4.92/oz",
      "is_organic": false,
      "is_gluten_free": true,
      "is_vegan": true,
      "is_kosher": false,
      "is_non_gmo": false,
      "is_local": false,
      "is_imported": false,
      "search_terms": [
        "blueberries",
        "produce",
        "other",
        "12x6"
      ],
      "upc": null,
      "processed_at": "2025-06-25T12:36:12.969849"
    },
    {
      "sku": "BALDOR_PR40",
      "supplier_sku": "PR40",
      "name": "PEARS BOSC 70-80 CT",
      "category": "Produce/Vegetables/Peas",
      "brand": "Baldor",
      "supplier_id": "BALD001",
      "supplier_name": "Baldor Specialty Foods",
      "unit_size": "70 CT CTN",
      "unit_type": "case",
      "wholesale_price": 74.5,
      "retail_price": 74.5,
      "retail_unit_type": "each",
      "retail_unit_size": "1",
      "retail_pack_size": "1",
      "retail_price_per_unit": 1.06,
      "retail_display": "$1.06/each",
      "is_organic": false,
      "is_gluten_free": true,
      "is_vegan": true,
      "is_kosher": false,
      "is_non_gmo": false,
      "is_local": false,
      "is_imported": false,
      "search_terms": [
        "peas",
        "pears",
        "bosc",
        "vegetables",
        "produce"
      ],
      "upc": null,
      "processed_at": "2025-06-25T12:36:12.969857"
    },
    {
      "sku": "BALDOR_BE3A2",
      "supplier_sku": "BE3A2",
      "name": "BLUEBERRIES 6 X 6 OZ",
      "category": "Produce/Other",
      "brand": "Baldor",
      "supplier_id": "BALD001",
      "supplier_name": "Baldor Specialty Foods",
      "unit_size": "6 X 6OZ CTN",
      "unit_type": "case",
      "wholesale_price": 23.0,
      "retail_price": 23.0,
      "retail_unit_type": "oz",
      "retail_unit_size": "1",
      "retail_pack_size": "1",
      "retail_price_per_unit": 3.83,
      "retail_display": "$3.83/oz",
      "is_organic": false,
      "is_gluten_free": true,
      "is_vegan": true,
      "is_kosher": false,
      "is_non_gmo": false,
      "is_local": false,
      "is_imported": false,
      "search_terms": [
        "blueberries",
        "produce",
        "other"
      ],
      "upc": null,
      "processed_at": "2025-06-25T12:36:12.969865"
    },
    {
      "sku": "BALDOR_BE3AA",
      "supplier_sku": "BE3AA",
      "name": "BLUEBERRIES JUMBO 12X9.8 OZ FAMILY TREE FARMS",
      "category": "Produce/Other",
      "brand": "Baldor",
      "supplier_id": "BALD001",
      "supplier_name": "Baldor Specialty Foods",
      "unit_size": "9.8 OZ CTN",
      "unit_type": "case",
      "wholesale_price": 85.5,
      "retail_price": 85.5,
      "retail_unit_type": "oz",
      "retail_unit_size": "1",
      "retail_pack_size": "1",
      "retail_price_per_unit": 8.72,
      "retail_display": "$8.72/oz",
      "is_organic": false,
      "is_gluten_free": true,
      "is_vegan": true,
      "is_kosher": false,
      "is_non_gmo": false,
      "is_local": false,
      "is_imported": false,
      "search_terms": [
        "12x9.8",
        "farms",
        "other",
        "family",
        "produce",
        "tree",
        "jumbo",
        "blueberries"
      ],
      "upc": null,
      "processed_at": "2025-06-25T12:36:12.969875"
    },
    {
      "sku": "BALDOR_PR7",
      "supplier_sku": "PR7",
      "name": "PEARS ASIAN 14-16 CT",
      "category": "Produce/Vegetables/Peas",
      "brand": "Baldor",
      "supplier_id": "BALD001",
      "supplier_name": "Baldor Specialty Foods",
      "unit_size": "14-16 CT CTN",
      "unit_type": "case",
      "wholesale_price": 51.5,
      "retail_price": 51.5,
      "retail_unit_type": "each",
      "retail_unit_size": "1",
      "retail_pack_size": "1",
      "retail_price_per_unit": 3.22,
      "retail_display": "$3.22/each",
      "is_organic": false,
      "is_gluten_free": true,
      "is_vegan": true,
      "is_kosher": false,
      "is_non_gmo": false,
      "is_local": false,
      "is_imported": false,
      "search_terms": [
        "peas",
        "pears",
        "vegetables",
        "produce",
        "asian"
      ],
      "upc": null,
      "processed_at": "2025-06-25T12:36:12.969883"
    },
    {
      "sku": "BALDOR_BE4WF",
      "supplier_sku": "BE4WF",
      "name": "PINEBERRRIES 6 X 10OZ",
      "category": "Produce/Other",
      "brand": "Baldor",
      "supplier_id": "BALD001",
      "supplier_name": "Baldor Specialty Foods",
      "unit_size": "6 X 10 OZ CTN",
      "unit_type": "case",
      "wholesale_price": 34.75,
      "retail_price": 34.75,
      "retail_unit_type": "oz",
      "retail_unit_size": "1",
      "retail_pack_size": "1",
      "retail_price_per_unit": 3.48,
      "retail_display": "$3.48/oz",
      "is_organic": false,
      "is_gluten_free": true,
      "is_vegan": true,
      "is_kosher": false,
      "is_non_gmo": false,
      "is_local": false,
      "is_imported": false,
      "search_terms": [
        "10oz",
        "pineberrries",
        "produce",
        "other"
      ],
      "upc": null,
      "processed_at": "2025-06-25T12:36:12.969891"
    },
    {
      "sku": "BALDOR_BE5",
      "supplier_sku": "BE5",
      "name": "BLUEBERRIES 12X1 PT DRISCOLL",
      "category": "Produce/Other",
      "brand": "Baldor",
      "supplier_id": "BALD001",
      "supplier_name": "Baldor Specialty Foods",
      "unit_size": "1 PT CTN",
      "unit_type": "case",
      "wholesale_price": 61.75,
      "retail_price": 61.75,
      "retail_unit_type": "case",
      "retail_unit_size": "1 PT CTN",
      "retail_pack_size": "1",
      "retail_price_per_unit": 61.75,
      "retail_display": "$61.75/case",
      "is_organic": false,
      "is_gluten_free": true,
      "is_vegan": true,
      "is_kosher": false,
      "is_non_gmo": false,
      "is_local": false,
      "is_imported": false,
      "search_terms": [
        "other",
        "produce",
        "12x1",
        "driscoll",
        "blueberries"
      ],
      "upc": null,
      "processed_at": "2025-06-25T12:36:12.969901"
    },
    {
      "sku": "BALDOR_PE",
      "supplier_sku": "PE",
      "name": "PEPPER RED GREENHOUSE 11 LB",
      "category": "Produce/Vegetables/Peppers",
      "brand": "Baldor",
      "supplier_id": "BALD001",
      "supplier_name": "Baldor Specialty Foods",
      "unit_size": "11 LB CTN",
      "unit_type": "case",
      "wholesale_price": 25.5,
      "retail_price": 25.5,
      "retail_unit_type": "lb",
      "retail_unit_size": "1",
      "retail_pack_size": "1",
      "retail_price_per_unit": 2.32,
      "retail_display": "$2.32/lb",
      "is_organic": false,
      "is_gluten_free": true,
      "is_vegan": true,
      "is_kosher": false,
      "is_non_gmo": false,
      "is_local": false,
      "is_imported": false,
      "search_terms": [
        "pepper",
        "greenhouse",
        "vegetables",
        "red",
        "produce",
        "peppers"
      ],
      "upc": null,
      "processed_at": "2025-06-25T12:36:12.969908"
    },
    {
      "sku": "BALDOR_BE6AB",
      "supplier_sku": "BE6AB",
      "name": "BLACKBERRIES SWEETEST BATCH LIMITED ED 12X10 OZ DRISCOLL",
      "category": "Produce/Other",
      "brand": "Baldor",
      "supplier_id": "BALD001",
      "supplier_name": "Baldor Specialty Foods",
      "unit_size": "10 OZ CTN",
      "unit_type": "case",
      "wholesale_price": 74.75,
      "retail_price": 74.75,
      "retail_unit_type": "oz",
      "retail_unit_size": "1",
      "retail_pack_size": "1",
      "retail_price_per_unit": 7.47,
      "retail_display": "$7.47/oz",
      "is_organic": false,
      "is_gluten_free": true,
      "is_vegan": true,
      "is_kosher": false,
      "is_non_gmo": false,
      "is_local": false,
      "is_imported": false,
      "search_terms": [
        "12x10",
        "limited",
        "other",
        "blackberries",
        "sweetest",
        "batch",
        "produce",
        "driscoll"
      ],
      "upc": null,
      "processed_at": "2025-06-25T12:36:12.969918"
    },
    {
      "sku": "BALDOR_PE1",
      "supplier_sku": "PE1",
      "name": "PEPPER RED 15 LB",
      "category": "Produce/Vegetables/Peppers",
      "brand": "Baldor",
      "supplier_id": "BALD001",
      "supplier_name": "Baldor Specialty Foods",
      "unit_size": "15 LB CTN",
      "unit_type": "case",
      "wholesale_price": 24.5,
      "retail_price": 24.5,
      "retail_unit_type": "lb",
      "retail_unit_size": "1",
      "retail_pack_size": "1",
      "retail_price_per_unit": 1.63,
      "retail_display": "$1.63/lb",
      "is_organic": false,
      "is_gluten_free": true,
      "is_vegan": true,
      "is_kosher": false,
      "is_non_gmo": false,
      "is_local": false,
      "is_imported": false,
      "search_terms": [
        "pepper",
        "vegetables",
        "red",
        "produce",
        "peppers"
      ],
      "upc": null,
      "processed_at": "2025-06-25T12:36:12.969924"
    },
    {
      "sku": "BALDOR_BE3A3",
      "supplier_sku": "BE3A3",
      "name": "LIMITED EDITION SWEETE BATCH JUMBO BLUE BERRIES 8 X 11OZ",
      "category": "Produce/Other",
      "brand": "Baldor",
      "supplier_id": "BALD001",
      "supplier_name": "Baldor Specialty Foods",
      "unit_size": "5 OZ CTN",
      "unit_type": "case",
      "wholesale_price": 63.25,
      "retail_price": 63.25,
      "retail_unit_type": "oz",
      "retail_unit_size": "1",
      "retail_pack_size": "1",
      "retail_price_per_unit": 12.65,
      "retail_display": "$12.65/oz",
      "is_organic": false,
      "is_gluten_free": true,
      "is_vegan": true,
      "is_kosher": false,
      "is_non_gmo": false,
      "is_local": false,
      "is_imported": false,
      "search_terms": [
        "limited",
        "blue",
        "sweete",
        "other",
        "edition",
        "berries",
        "batch",
        "produce",
        "11oz",
        "jumbo"
      ],
      "upc": null,
      "processed_at": "2025-06-25T12:36:12.969935"
    },
    {
      "sku": "BALDOR_PE2",
      "supplier_sku": "PE2",
      "name": "PEPPER RED BU 1-1/9",
      "category": "Produce/Vegetables/Peppers",
      "brand": "Baldor",
      "supplier_id": "BALD001",
      "supplier_name": "Baldor Specialty Foods",
      "unit_size": "25 LB CTN",
      "unit_type": "case",
      "wholesale_price": 37.0,
      "retail_price": 37.0,
      "retail_unit_type": "lb",
      "retail_unit_size": "1",
      "retail_pack_size": "1",
      "retail_price_per_unit": 1.48,
      "retail_display": "$1.48/lb",
      "is_organic": false,
      "is_gluten_free": true,
      "is_vegan": true,
      "is_kosher": false,
      "is_non_gmo": false,
      "is_local": false,
      "is_imported": false,
      "search_terms": [
        "pepper",
        "vegetables",
        "red",
        "produce",
        "peppers"
      ],
      "upc": null,
      "processed_at": "2025-06-25T12:36:12.969941"
    },
    {
      "sku": "BALDOR_BE7",
      "supplier_sku": "BE7",
      "name": "BLACKBERRIES 12X6 OZ DRISCOLL",
      "category": "Produce/Other",
      "brand": "Baldor",
      "supplier_id": "BALD001",
      "supplier_name": "Baldor Specialty Foods",
      "unit_size": "6 OZ CTN",
      "unit_type": "case",
      "wholesale_price": 28.25,
      "retail_price": 28.25,
      "retail_unit_type": "oz",
      "retail_unit_size": "1",
      "retail_pack_size": "1",
      "retail_price_per_unit": 4.71,
      "retail_display": "$4.71/oz",
      "is_organic": false,
      "is_gluten_free": true,
      "is_vegan": true,
      "is_kosher": false,
      "is_non_gmo": false,
      "is_local": false,
      "is_imported": false,
      "search_terms": [
        "other",
        "blackberries",
        "produce",
        "driscoll",
        "12x6"
      ],
      "upc": null,
      "processed_at": "2025-06-25T12:36:12.969949"
    },
    {
      "sku": "BALDOR_PE3",
      "supplier_sku": "PE3",
      "name": "PEPPER YELLOW GREENHOUSE 11 LB",
      "category": "Produce/Vegetables/Peppers",
      "brand": "Baldor",
      "supplier_id": "BALD001",
      "supplier_name": "Baldor Specialty Foods",
      "unit_size": "11 LB CTN",
      "unit_type": "case",
      "wholesale_price": 25.5,
      "retail_price": 25.5,
      "retail_unit_type": "lb",
      "retail_unit_size": "1",
      "retail_pack_size": "1",
      "retail_price_per_unit": 2.32,
      "retail_display": "$2.32/lb",
      "is_organic": false,
      "is_gluten_free": true,
      "is_vegan": true,
      "is_kosher": false,
      "is_non_gmo": false,
      "is_local": false,
      "is_imported": false,
      "search_terms": [
        "pepper",
        "greenhouse",
        "vegetables",
        "produce",
        "peppers",
        "yellow"
      ],
      "upc": null,
      "processed_at": "2025-06-25T12:36:12.969956"
    },
    {
      "sku": "BALDOR_BE7A1",
      "supplier_sku": "BE7A1",
      "name": "DRISCOLL'S BLACKBERRIES 6 X 6 OZ",
      "category": "Produce/Other",
      "brand": "Baldor",
      "supplier_id": "BALD001",
      "supplier_name": "Baldor Specialty Foods",
      "unit_size": "6 X 6 OZ CTN",
      "unit_type": "case",
      "wholesale_price": 23.0,
      "retail_price": 23.0,
      "retail_unit_type": "oz",
      "retail_unit_size": "1",
      "retail_pack_size": "1",
      "retail_price_per_unit": 3.83,
      "retail_display": "$3.83/oz",
      "is_organic": false,
      "is_gluten_free": true,
      "is_vegan": true,
      "is_kosher": false,
      "is_non_gmo": false,
      "is_local": false,
      "is_imported": false,
      "search_terms": [
        "driscoll's",
        "produce",
        "other",
        "blackberries"
      ],
      "upc": null,
      "processed_at": "2025-06-25T12:36:12.969964"
    },
    {
      "sku": "BALDOR_PE3A",
      "supplier_sku": "PE3A",
      "name": "PEPPER ORANGE GREENHOUSE 11 LB",
      "category": "Produce/Vegetables/Peppers",
      "brand": "Baldor",
      "supplier_id": "BALD001",
      "supplier_name": "Baldor Specialty Foods",
      "unit_size": "11 LB CTN",
      "unit_type": "case",
      "wholesale_price": 25.5,
      "retail_price": 25.5,
      "retail_unit_type": "lb",
      "retail_unit_size": "1",
      "retail_pack_size": "1",
      "retail_price_per_unit": 2.32,
      "retail_display": "$2.32/lb",
      "is_organic": false,
      "is_gluten_free": true,
      "is_vegan": true,
      "is_kosher": false,
      "is_non_gmo": false,
      "is_local": false,
      "is_imported": false,
      "search_terms": [
        "pepper",
        "greenhouse",
        "vegetables",
        "produce",
        "orange",
        "peppers"
      ],
      "upc": null,
      "processed_at": "2025-06-25T12:36:12.969971"
    },
    {
      "sku": "BALDOR_BE2B2",
      "supplier_sku": "BE2B2",
      "name": "DRISCOLL'S RASPBERRIES 6 X 6 OZ",
      "category": "Produce/Other",
      "brand": "Baldor",
      "supplier_id": "BALD001",
      "supplier_name": "Baldor Specialty Foods",
      "unit_size": "6 X 6 OZ CTN",
      "unit_type": "case",
      "wholesale_price": 37.5,
      "retail_price": 37.5,
      "retail_unit_type": "oz",
      "retail_unit_size": "1",
      "retail_pack_size": "1",
      "retail_price_per_unit": 6.25,
      "retail_display": "$6.25/oz",
      "is_organic": false,
      "is_gluten_free": true,
      "is_vegan": true,
      "is_kosher": false,
      "is_non_gmo": false,
      "is_local": false,
      "is_imported": false,
      "search_terms": [
        "driscoll's",
        "produce",
        "other",
        "raspberries"
      ],
      "upc": null,
      "processed_at": "2025-06-25T12:36:12.969986"
    },
    {
      "sku": "BALDOR_PE5",
      "supplier_sku": "PE5",
      "name": "PEPPER YELLOW BU 1-1/9",
      "category": "Produce/Vegetables/Peppers",
      "brand": "Baldor",
      "supplier_id": "BALD001",
      "supplier_name": "Baldor Specialty Foods",
      "unit_size": "22 LB CTN",
      "unit_type": "case",
      "wholesale_price": 35.25,
      "retail_price": 35.25,
      "retail_unit_type": "lb",
      "retail_unit_size": "1",
      "retail_pack_size": "1",
      "retail_price_per_unit": 1.6,
      "retail_display": "$1.60/lb",
      "is_organic": false,
      "is_gluten_free": true,
      "is_vegan": true,
      "is_kosher": false,
      "is_non_gmo": false,
      "is_local": false,
      "is_imported": false,
      "search_terms": [
        "pepper",
        "vegetables",
        "produce",
        "peppers",
        "yellow"
      ],
      "upc": null,
      "processed_at": "2025-06-25T12:36:12.969993"
    },
    {
      "sku": "BALDOR_FRU6",
      "supplier_sku": "FRU6",
      "name": "WATERMELON CHUNKS 2X6 LB",
      "category": "Produce/Fruit/Melons",
      "brand": "Baldor",
      "supplier_id": "BALD001",
      "supplier_name": "Baldor Specialty Foods",
      "unit_size": "6 LB CTN",
      "unit_type": "case",
      "wholesale_price": 56.5,
      "retail_price": 56.5,
      "retail_unit_type": "lb",
      "retail_unit_size": "1",
      "retail_pack_size": "1",
      "retail_price_per_unit": 9.42,
      "retail_display": "$9.42/lb",
      "is_organic": false,
      "is_gluten_free": true,
      "is_vegan": true,
      "is_kosher": false,
      "is_non_gmo": false,
      "is_local": false,
      "is_imported": false,
      "search_terms": [
        "melons",
        "watermelon",
        "fruit",
        "produce",
        "2x6",
        "chunks"
      ],
      "upc": null,
      "processed_at": "2025-06-25T12:36:12.970000"
    },
    {
      "sku": "BALDOR_PE6",
      "supplier_sku": "PE6",
      "name": "PEPPER GREEN BU 1-1/9",
      "category": "Produce/Vegetables/Peppers",
      "brand": "Baldor",
      "supplier_id": "BALD001",
      "supplier_name": "Baldor Specialty Foods",
      "unit_size": "22 LB CTN",
      "unit_type": "case",
      "wholesale_price": 29.0,
      "retail_price": 29.0,
      "retail_unit_type": "lb",
      "retail_unit_size": "1",
      "retail_pack_size": "1",
      "retail_price_per_unit": 1.32,
      "retail_display": "$1.32/lb",
      "is_organic": false,
      "is_gluten_free": true,
      "is_vegan": true,
      "is_kosher": false,
      "is_non_gmo": false,
      "is_local": false,
      "is_imported": false,
      "search_terms": [
        "pepper",
        "vegetables",
        "produce",
        "green",
        "peppers"
      ],
      "upc": null,
      "processed_at": "2025-06-25T12:36:12.970007"
    },
    {
      "sku": "BALDOR_BE7CG",
      "supplier_sku": "BE7CG",
      "name": "BLACKBERRIES 12X6 OZ CALIFORNIA GIANT",
      "category": "Produce/Other",
      "brand": "Baldor",
      "supplier_id": "BALD001",
      "supplier_name": "Baldor Specialty Foods",
      "unit_size": "6 OZ CTN",
      "unit_type": "case",
      "wholesale_price": 28.25,
      "retail_price": 28.25,
      "retail_unit_type": "oz",
      "retail_unit_size": "1",
      "retail_pack_size": "1",
      "retail_price_per_unit": 4.71,
      "retail_display": "$4.71/oz",
      "is_organic": false,
      "is_gluten_free": true,
      "is_vegan": true,
      "is_kosher": false,
      "is_non_gmo": false,
      "is_local": false,
      "is_imported": false,
      "search_terms": [
        "giant",
        "other",
        "blackberries",
        "produce",
        "california",
        "12x6"
      ],
      "upc": null,
      "processed_at": "2025-06-25T12:36:12.970015"
    },
    {
      "sku": "BALDOR_PE60",
      "supplier_sku": "PE60",
      "name": "PEPPERS GREEN X-FANCY MIN 45 CT",
      "category": "Produce/Vegetables/Peppers",
      "brand": "Baldor",
      "supplier_id": "BALD001",
      "supplier_name": "Baldor Specialty Foods",
      "unit_size": "22 LB CTN",
      "unit_type": "case",
      "wholesale_price": 32.0,
      "retail_price": 32.0,
      "retail_unit_type": "lb",
      "retail_unit_size": "1",
      "retail_pack_size": "1",
      "retail_price_per_unit": 1.45,
      "retail_display": "$1.45/lb",
      "is_organic": false,
      "is_gluten_free": true,
      "is_vegan": true,
      "is_kosher": false,
      "is_non_gmo": false,
      "is_local": false,
      "is_imported": false,
      "search_terms": [
        "min",
        "vegetables",
        "fancy",
        "produce",
        "green",
        "peppers"
      ],
      "upc": null,
      "processed_at": "2025-06-25T12:36:12.970022"
    },
    {
      "sku": "BALDOR_BE9A",
      "supplier_sku": "BE9A",
      "name": "CAPE GOOSEBERRIES 12 X 3.5 OZ",
      "category": "Produce/Other",
      "brand": "Baldor",
      "supplier_id": "BALD001",
      "supplier_name": "Baldor Specialty Foods",
      "unit_size": "12 X 3.5 OZ CTN",
      "unit_type": "case",
      "wholesale_price": 30.0,
      "retail_price": 30.0,
      "retail_unit_type": "oz",
      "retail_unit_size": "1",
      "retail_pack_size": "1",
      "retail_price_per_unit": 8.57,
      "retail_display": "$8.57/oz",
      "is_organic": false,
      "is_gluten_free": true,
      "is_vegan": true,
      "is_kosher": false,
      "is_non_gmo": false,
      "is_local": false,
      "is_imported": false,
      "search_terms": [
        "3.5",
        "cape",
        "other",
        "gooseberries",
        "produce"
      ],
      "upc": null,
      "processed_at": "2025-06-25T12:36:12.970032"
    },
    {
      "sku": "BALDOR_PE64A1",
      "supplier_sku": "PE64A1",
      "name": "PEPPER GREEN 1 LB",
      "category": "Produce/Vegetables/Peppers",
      "brand": "Baldor",
      "supplier_id": "BALD001",
      "supplier_name": "Baldor Specialty Foods",
      "unit_size": "1 LB EACH",
      "unit_type": "case",
      "wholesale_price": 5.0,
      "retail_price": 5.0,
      "retail_unit_type": "lb",
      "retail_unit_size": "1",
      "retail_pack_size": "1",
      "retail_price_per_unit": 5.0,
      "retail_display": "$5.00/lb",
      "is_organic": false,
      "is_gluten_free": true,
      "is_vegan": true,
      "is_kosher": false,
      "is_non_gmo": false,
      "is_local": false,
      "is_imported": false,
      "search_terms": [
        "pepper",
        "vegetables",
        "produce",
        "green",
        "peppers"
      ],
      "upc": null,
      "processed_at": "2025-06-25T12:36:12.970038"
    },
    {
      "sku": "BALDOR_BE996E",
      "supplier_sku": "BE996E",
      "name": "GREEN UNRIPE STRAWBERRIES 8 X 1LB",
      "category": "Produce/Other",
      "brand": "Baldor",
      "supplier_id": "BALD001",
      "supplier_name": "Baldor Specialty Foods",
      "unit_size": "8 X 1LB CTN",
      "unit_type": "case",
      "wholesale_price": 32.5,
      "retail_price": 32.5,
      "retail_unit_type": "lb",
      "retail_unit_size": "1",
      "retail_pack_size": "1",
      "retail_price_per_unit": 32.5,
      "retail_display": "$32.50/lb",
      "is_organic": false,
      "is_gluten_free": true,
      "is_vegan": true,
      "is_kosher": false,
      "is_non_gmo": false,
      "is_local": false,
      "is_imported": false,
      "search_terms": [
        "unripe",
        "other",
        "1lb",
        "produce",
        "green",
        "strawberries"
      ],
      "upc": null,
      "processed_at": "2025-06-25T12:36:12.970046"
    },
    {
      "sku": "BALDOR_PE7C",
      "supplier_sku": "PE7C",
      "name": "PEPPER MIXED VEGGIE SWEET 12X1 LB",
      "category": "Produce/Vegetables/Peppers",
      "brand": "Baldor",
      "supplier_id": "BALD001",
      "supplier_name": "Baldor Specialty Foods",
      "unit_size": "1 LB CTN",
      "unit_type": "case",
      "wholesale_price": 32.25,
      "retail_price": 32.25,
      "retail_unit_type": "lb",
      "retail_unit_size": "1",
      "retail_pack_size": "1",
      "retail_price_per_unit": 32.25,
      "retail_display": "$32.25/lb",
      "is_organic": false,
      "is_gluten_free": true,
      "is_vegan": true,
      "is_kosher": false,
      "is_non_gmo": false,
      "is_local": false,
      "is_imported": false,
      "search_terms": [
        "pepper",
        "vegetables",
        "mixed",
        "veggie",
        "produce",
        "12x1",
        "sweet",
        "peppers"
      ],
      "upc": null,
      "processed_at": "2025-06-25T12:36:12.970053"
    },
    {
      "sku": "BALDOR_BE997",
      "supplier_sku": "BE997",
      "name": "RED CURRANTS 12 X 6 OZ",
      "category": "Produce/Other",
      "brand": "Baldor",
      "supplier_id": "BALD001",
      "supplier_name": "Baldor Specialty Foods",
      "unit_size": "12 X 6 OZ CTN",
      "unit_type": "case",
      "wholesale_price": 65.0,
      "retail_price": 65.0,
      "retail_unit_type": "oz",
      "retail_unit_size": "1",
      "retail_pack_size": "1",
      "retail_price_per_unit": 10.83,
      "retail_display": "$10.83/oz",
      "is_organic": false,
      "is_gluten_free": true,
      "is_vegan": true,
      "is_kosher": false,
      "is_non_gmo": false,
      "is_local": false,
      "is_imported": false,
      "search_terms": [
        "red",
        "produce",
        "currants",
        "other"
      ],
      "upc": null,
      "processed_at": "2025-06-25T12:36:12.970062"
    },
    {
      "sku": "BALDOR_PE8A",
      "supplier_sku": "PE8A",
      "name": "PEPPER JALAPENO 10 LB",
      "category": "Produce/Vegetables/Peppers",
      "brand": "Baldor",
      "supplier_id": "BALD001",
      "supplier_name": "Baldor Specialty Foods",
      "unit_size": "10 LB CTN",
      "unit_type": "case",
      "wholesale_price": 20.75,
      "retail_price": 20.75,
      "retail_unit_type": "lb",
      "retail_unit_size": "1",
      "retail_pack_size": "1",
      "retail_price_per_unit": 2.08,
      "retail_display": "$2.08/lb",
      "is_organic": false,
      "is_gluten_free": true,
      "is_vegan": true,
      "is_kosher": false,
      "is_non_gmo": false,
      "is_local": false,
      "is_imported": false,
      "search_terms": [
        "pepper",
        "jalapeno",
        "vegetables",
        "produce",
        "peppers"
      ],
      "upc": null,
      "processed_at": "2025-06-25T12:36:12.970073"
    },
    {
      "sku": "BALDOR_BE1OB",
      "supplier_sku": "BE1OB",
      "name": "OISHII KOYO BERRIES 12 X 20 CT",
      "category": "Produce/Other",
      "brand": "Baldor",
      "supplier_id": "BALD001",
      "supplier_name": "Baldor Specialty Foods",
      "unit_size": "12 X 20 CT CTN",
      "unit_type": "case",
      "wholesale_price": 123.25,
      "retail_price": 123.25,
      "retail_unit_type": "each",
      "retail_unit_size": "1",
      "retail_pack_size": "1",
      "retail_price_per_unit": 6.16,
      "retail_display": "$6.16/each",
      "is_organic": false,
      "is_gluten_free": true,
      "is_vegan": true,
      "is_kosher": false,
      "is_non_gmo": false,
      "is_local": false,
      "is_imported": false,
      "search_terms": [
        "koyo",
        "other",
        "berries",
        "produce",
        "oishii"
      ],
      "upc": null,
      "processed_at": "2025-06-25T12:36:12.970083"
    },
    {
      "sku": "BALDOR_PE8AA",
      "supplier_sku": "PE8AA",
      "name": "PEPPER JALAPENO 1 1/9 BSH",
      "category": "Produce/Vegetables/Peppers",
      "brand": "Baldor",
      "supplier_id": "BALD001",
      "supplier_name": "Baldor Specialty Foods",
      "unit_size": "1 1/9 BSH CTN",
      "unit_type": "case",
      "wholesale_price": 37.5,
      "retail_price": 37.5,
      "retail_unit_type": "case",
      "retail_unit_size": "1 1/9 BSH CTN",
      "retail_pack_size": "1",
      "retail_price_per_unit": 37.5,
      "retail_display": "$37.50/case",
      "is_organic": false,
      "is_gluten_free": true,
      "is_vegan": true,
      "is_kosher": false,
      "is_non_gmo": false,
      "is_local": false,
      "is_imported": false,
      "search_terms": [
        "pepper",
        "jalapeno",
        "vegetables",
        "bsh",
        "produce",
        "peppers"
      ],
      "upc": null,
      "processed_at": "2025-06-25T12:36:12.970093"
    },
    {
      "sku": "BALDOR_BE1O",
      "supplier_sku": "BE1O",
      "name": "OISHI KOYO BERRIES 12 X 8-11 CT",
      "category": "Produce/Other",
      "brand": "Baldor",
      "supplier_id": "BALD001",
      "supplier_name": "Baldor Specialty Foods",
      "unit_size": "12 X 8-11 CT CTN",
      "unit_type": "case",
      "wholesale_price": 123.25,
      "retail_price": 123.25,
      "retail_unit_type": "each",
      "retail_unit_size": "1",
      "retail_pack_size": "1",
      "retail_price_per_unit": 11.2,
      "retail_display": "$11.20/each",
      "is_organic": false,
      "is_gluten_free": true,
      "is_vegan": true,
      "is_kosher": false,
      "is_non_gmo": false,
      "is_local": false,
      "is_imported": false,
      "search_terms": [
        "oishi",
        "koyo",
        "other",
        "berries",
        "produce"
      ],
      "upc": null,
      "processed_at": "2025-06-25T12:36:12.970103"
    },
    {
      "sku": "BALDOR_PE91",
      "supplier_sku": "PE91",
      "name": "PEPPER SERRANO 10 LB",
      "category": "Produce/Vegetables/Peppers",
      "brand": "Baldor",
      "supplier_id": "BALD001",
      "supplier_name": "Baldor Specialty Foods",
      "unit_size": "10 LB CTN",
      "unit_type": "case",
      "wholesale_price": 26.0,
      "retail_price": 26.0,
      "retail_unit_type": "lb",
      "retail_unit_size": "1",
      "retail_pack_size": "1",
      "retail_price_per_unit": 2.6,
      "retail_display": "$2.60/lb",
      "is_organic": false,
      "is_gluten_free": true,
      "is_vegan": true,
      "is_kosher": false,
      "is_non_gmo": false,
      "is_local": false,
      "is_imported": false,
      "search_terms": [
        "pepper",
        "vegetables",
        "serrano",
        "produce",
        "peppers"
      ],
      "upc": null,
      "processed_at": "2025-06-25T12:36:12.970109"
    },
    {
      "sku": "BALDOR_PE92",
      "supplier_sku": "PE92",
      "name": "PEPPER POBLANO 10 LB",
      "category": "Produce/Vegetables/Peppers",
      "brand": "Baldor",
      "supplier_id": "BALD001",
      "supplier_name": "Baldor Specialty Foods",
      "unit_size": "10 LB CTN",
      "unit_type": "case",
      "wholesale_price": 27.25,
      "retail_price": 27.25,
      "retail_unit_type": "lb",
      "retail_unit_size": "1",
      "retail_pack_size": "1",
      "retail_price_per_unit": 2.73,
      "retail_display": "$2.73/lb",
      "is_organic": false,
      "is_gluten_free": true,
      "is_vegan": true,
      "is_kosher": false,
      "is_non_gmo": false,
      "is_local": false,
      "is_imported": false,
      "search_terms": [
        "pepper",
        "vegetables",
        "poblano",
        "produce",
        "peppers"
      ],
      "upc": null,
      "processed_at": "2025-06-25T12:36:12.970116"
    },
    {
      "sku": "BALDOR_ASP",
      "supplier_sku": "ASP",
      "name": "BROCCOLINI 3X2 LB MANNS PACKING",
      "category": "Produce/Vegetables/Brassicas",
      "brand": "Baldor",
      "supplier_id": "BALD001",
      "supplier_name": "Baldor Specialty Foods",
      "unit_size": "2 LB CTN",
      "unit_type": "case",
      "wholesale_price": 37.0,
      "retail_price": 37.0,
      "retail_unit_type": "lb",
      "retail_unit_size": "1",
      "retail_pack_size": "1",
      "retail_price_per_unit": 18.5,
      "retail_display": "$18.50/lb",
      "is_organic": false,
      "is_gluten_free": true,
      "is_vegan": true,
      "is_kosher": false,
      "is_non_gmo": false,
      "is_local": false,
      "is_imported": false,
      "search_terms": [
        "brassicas",
        "3x2",
        "vegetables",
        "packing",
        "broccolini",
        "produce",
        "manns"
      ],
      "upc": null,
      "processed_at": "2025-06-25T12:36:12.970123"
    },
    {
      "sku": "BALDOR_PE92A",
      "supplier_sku": "PE92A",
      "name": "PEPPER HABANERO RED 8 LB",
      "category": "Produce/Vegetables/Peppers",
      "brand": "Baldor",
      "supplier_id": "BALD001",
      "supplier_name": "Baldor Specialty Foods",
      "unit_size": "8 LB CTN",
      "unit_type": "case",
      "wholesale_price": 26.0,
      "retail_price": 26.0,
      "retail_unit_type": "lb",
      "retail_unit_size": "1",
      "retail_pack_size": "1",
      "retail_price_per_unit": 3.25,
      "retail_display": "$3.25/lb",
      "is_organic": false,
      "is_gluten_free": true,
      "is_vegan": true,
      "is_kosher": false,
      "is_non_gmo": false,
      "is_local": false,
      "is_imported": false,
      "search_terms": [
        "habanero",
        "pepper",
        "vegetables",
        "red",
        "produce",
        "peppers"
      ],
      "upc": null,
      "processed_at": "2025-06-25T12:36:12.970130"
    },
    {
      "sku": "BALDOR_ASP0",
      "supplier_sku": "ASP0",
      "name": "BROCCOLINI TRAY PACK 6X6 OZ MANN PACKING",
      "category": "Produce/Vegetables/Brassicas",
      "brand": "Baldor",
      "supplier_id": "BALD001",
      "supplier_name": "Baldor Specialty Foods",
      "unit_size": "6 OZ CTN",
      "unit_type": "case",
      "wholesale_price": 23.0,
      "retail_price": 23.0,
      "retail_unit_type": "oz",
      "retail_unit_size": "1",
      "retail_pack_size": "1",
      "retail_price_per_unit": 3.83,
      "retail_display": "$3.83/oz",
      "is_organic": false,
      "is_gluten_free": true,
      "is_vegan": true,
      "is_kosher": false,
      "is_non_gmo": false,
      "is_local": false,
      "is_imported": false,
      "search_terms": [
        "mann",
        "6x6",
        "tray",
        "brassicas",
        "vegetables",
        "broccolini",
        "pack",
        "packing",
        "produce"
      ],
      "upc": null,
      "processed_at": "2025-06-25T12:36:12.970138"
    },
    {
      "sku": "BALDOR_PE93",
      "supplier_sku": "PE93",
      "name": "PEPPER HABANERO ORANGE 8 LB",
      "category": "Produce/Vegetables/Peppers",
      "brand": "Baldor",
      "supplier_id": "BALD001",
      "supplier_name": "Baldor Specialty Foods",
      "unit_size": "8 LB CTN",
      "unit_type": "case",
      "wholesale_price": 24.5,
      "retail_price": 24.5,
      "retail_unit_type": "lb",
      "retail_unit_size": "1",
      "retail_pack_size": "1",
      "retail_price_per_unit": 3.06,
      "retail_display": "$3.06/lb",
      "is_organic": false,
      "is_gluten_free": true,
      "is_vegan": true,
      "is_kosher": false,
      "is_non_gmo": false,
      "is_local": false,
      "is_imported": false,
      "search_terms": [
        "habanero",
        "pepper",
        "vegetables",
        "produce",
        "orange",
        "peppers"
      ],
      "upc": null,
      "processed_at": "2025-06-25T12:36:12.970145"
    },
    {
      "sku": "BALDOR_ASP1",
      "supplier_sku": "ASP1",
      "name": "BROCCOLINI ICED 18 CT",
      "category": "Produce/Vegetables/Brassicas",
      "brand": "Baldor",
      "supplier_id": "BALD001",
      "supplier_name": "Baldor Specialty Foods",
      "unit_size": "18 CT CTN",
      "unit_type": "case",
      "wholesale_price": 40.25,
      "retail_price": 40.25,
      "retail_unit_type": "each",
      "retail_unit_size": "1",
      "retail_pack_size": "1",
      "retail_price_per_unit": 2.24,
      "retail_display": "$2.24/each",
      "is_organic": false,
      "is_gluten_free": true,
      "is_vegan": true,
      "is_kosher": false,
      "is_non_gmo": false,
      "is_local": false,
      "is_imported": false,
      "search_terms": [
        "brassicas",
        "vegetables",
        "broccolini",
        "produce",
        "iced"
      ],
      "upc": null,
      "processed_at": "2025-06-25T12:36:12.970152"
    },
    {
      "sku": "BALDOR_PE96A",
      "supplier_sku": "PE96A",
      "name": "PEPPER CHERRY RED HOT 1/2 BSH",
      "category": "Produce/Vegetables/Peppers",
      "brand": "Baldor",
      "supplier_id": "BALD001",
      "supplier_name": "Baldor Specialty Foods",
      "unit_size": "1/2 BSH CTN",
      "unit_type": "case",
      "wholesale_price": 42.25,
      "retail_price": 42.25,
      "retail_unit_type": "case",
      "retail_unit_size": "1/2 BSH CTN",
      "retail_pack_size": "1",
      "retail_price_per_unit": 42.25,
      "retail_display": "$42.25/case",
      "is_organic": false,
      "is_gluten_free": true,
      "is_vegan": true,
      "is_kosher": false,
      "is_non_gmo": false,
      "is_local": false,
      "is_imported": false,
      "search_terms": [
        "pepper",
        "vegetables",
        "bsh",
        "red",
        "produce",
        "hot",
        "peppers",
        "cherry"
      ],
      "upc": null,
      "processed_at": "2025-06-25T12:36:12.970166"
    },
    {
      "sku": "BALDOR_BR",
      "supplier_sku": "BR",
      "name": "BROCCOLI 14 CT",
      "category": "Produce/Vegetables/Brassicas",
      "brand": "Baldor",
      "supplier_id": "BALD001",
      "supplier_name": "Baldor Specialty Foods",
      "unit_size": "14 CT CTN",
      "unit_type": "case",
      "wholesale_price": 26.5,
      "retail_price": 26.5,
      "retail_unit_type": "each",
      "retail_unit_size": "1",
      "retail_pack_size": "1",
      "retail_price_per_unit": 1.89,
      "retail_display": "$1.89/each",
      "is_organic": false,
      "is_gluten_free": true,
      "is_vegan": true,
      "is_kosher": false,
      "is_non_gmo": false,
      "is_local": false,
      "is_imported": false,
      "search_terms": [
        "broccoli",
        "produce",
        "vegetables",
        "brassicas"
      ],
      "upc": null,
      "processed_at": "2025-06-25T12:36:12.970173"
    },
    {
      "sku": "BALDOR_PE970",
      "supplier_sku": "PE970",
      "name": "PEPPER ANAHEIM 10 LB",
      "category": "Produce/Vegetables/Peppers",
      "brand": "Baldor",
      "supplier_id": "BALD001",
      "supplier_name": "Baldor Specialty Foods",
      "unit_size": "10 LB CTN",
      "unit_type": "case",
      "wholesale_price": 24.25,
      "retail_price": 24.25,
      "retail_unit_type": "lb",
      "retail_unit_size": "1",
      "retail_pack_size": "1",
      "retail_price_per_unit": 2.42,
      "retail_display": "$2.42/lb",
      "is_organic": false,
      "is_gluten_free": true,
      "is_vegan": true,
      "is_kosher": false,
      "is_non_gmo": false,
      "is_local": false,
      "is_imported": false,
      "search_terms": [
        "pepper",
        "vegetables",
        "produce",
        "peppers",
        "anaheim"
      ],
      "upc": null,
      "processed_at": "2025-06-25T12:36:12.970179"
    },
    {
      "sku": "BALDOR_BR2",
      "supplier_sku": "BR2",
      "name": "BROCCOLI RABE 20 CT ANDY BOY",
      "category": "Produce/Vegetables/Brassicas",
      "brand": "Baldor",
      "supplier_id": "BALD001",
      "supplier_name": "Baldor Specialty Foods",
      "unit_size": "20CT CTN",
      "unit_type": "case",
      "wholesale_price": 46.25,
      "retail_price": 46.25,
      "retail_unit_type": "each",
      "retail_unit_size": "1",
      "retail_pack_size": "1",
      "retail_price_per_unit": 2.31,
      "retail_display": "$2.31/each",
      "is_organic": false,
      "is_gluten_free": true,
      "is_vegan": true,
      "is_kosher": false,
      "is_non_gmo": false,
      "is_local": false,
      "is_imported": false,
      "search_terms": [
        "broccoli",
        "andy",
        "rabe",
        "brassicas",
        "vegetables",
        "produce",
        "boy"
      ],
      "upc": null,
      "processed_at": "2025-06-25T12:36:12.970187"
    },
    {
      "sku": "BALDOR_PE993A",
      "supplier_sku": "PE993A",
      "name": "PEPPER CHILE GREEN THAI BIRD 1 LB",
      "category": "Produce/Vegetables/Peppers",
      "brand": "Baldor",
      "supplier_id": "BALD001",
      "supplier_name": "Baldor Specialty Foods",
      "unit_size": "1 LB EACH",
      "unit_type": "case",
      "wholesale_price": 9.0,
      "retail_price": 9.0,
      "retail_unit_type": "lb",
      "retail_unit_size": "1",
      "retail_pack_size": "1",
      "retail_price_per_unit": 9.0,
      "retail_display": "$9.00/lb",
      "is_organic": false,
      "is_gluten_free": true,
      "is_vegan": true,
      "is_kosher": false,
      "is_non_gmo": false,
      "is_local": false,
      "is_imported": false,
      "search_terms": [
        "pepper",
        "vegetables",
        "thai",
        "produce",
        "green",
        "peppers",
        "bird",
        "chile"
      ],
      "upc": null,
      "processed_at": "2025-06-25T12:36:12.970194"
    },
    {
      "sku": "BALDOR_BR2AA",
      "supplier_sku": "BR2AA",
      "name": "BROCCOLI CROWNS 20 LB",
      "category": "Produce/Vegetables/Brassicas",
      "brand": "Baldor",
      "supplier_id": "BALD001",
      "supplier_name": "Baldor Specialty Foods",
      "unit_size": "20 LB CTN",
      "unit_type": "case",
      "wholesale_price": 27.25,
      "retail_price": 27.25,
      "retail_unit_type": "lb",
      "retail_unit_size": "1",
      "retail_pack_size": "1",
      "retail_price_per_unit": 1.36,
      "retail_display": "$1.36/lb",
      "is_organic": false,
      "is_gluten_free": true,
      "is_vegan": true,
      "is_kosher": false,
      "is_non_gmo": false,
      "is_local": false,
      "is_imported": false,
      "search_terms": [
        "broccoli",
        "brassicas",
        "vegetables",
        "crowns",
        "produce"
      ],
      "upc": null,
      "processed_at": "2025-06-25T12:36:12.970200"
    },
    {
      "sku": "BALDOR_PE994",
      "supplier_sku": "PE994",
      "name": "PEPPER CHILI RED THAI BIRD 1 LB",
      "category": "Produce/Vegetables/Peppers",
      "brand": "Baldor",
      "supplier_id": "BALD001",
      "supplier_name": "Baldor Specialty Foods",
      "unit_size": "1 LB EACH",
      "unit_type": "case",
      "wholesale_price": 15.5,
      "retail_price": 15.5,
      "retail_unit_type": "lb",
      "retail_unit_size": "1",
      "retail_pack_size": "1",
      "retail_price_per_unit": 15.5,
      "retail_display": "$15.50/lb",
      "is_organic": false,
      "is_gluten_free": true,
      "is_vegan": true,
      "is_kosher": false,
      "is_non_gmo": false,
      "is_local": false,
      "is_imported": false,
      "search_terms": [
        "pepper",
        "chili",
        "thai",
        "vegetables",
        "red",
        "produce",
        "peppers",
        "bird"
      ],
      "upc": null,
      "processed_at": "2025-06-25T12:36:12.970207"
    },
    {
      "sku": "BALDOR_BR2AAB",
      "supplier_sku": "BR2AAB",
      "name": "BROCOLLI CROWNS ICELESS 20LB ANDY BOY",
      "category": "Produce/Other",
      "brand": "Baldor",
      "supplier_id": "BALD001",
      "supplier_name": "Baldor Specialty Foods",
      "unit_size": "20 LB CTN",
      "unit_type": "case",
      "wholesale_price": 29.0,
      "retail_price": 29.0,
      "retail_unit_type": "lb",
      "retail_unit_size": "1",
      "retail_pack_size": "1",
      "retail_price_per_unit": 1.45,
      "retail_display": "$1.45/lb",
      "is_organic": false,
      "is_gluten_free": true,
      "is_vegan": true,
      "is_kosher": false,
      "is_non_gmo": false,
      "is_local": false,
      "is_imported": false,
      "search_terms": [
        "andy",
        "brocolli",
        "iceless",
        "other",
        "20lb",
        "crowns",
        "produce",
        "boy"
      ],
      "upc": null,
      "processed_at": "2025-06-25T12:36:12.970216"
    },
    {
      "sku": "BALDOR_PE994A",
      "supplier_sku": "PE994A",
      "name": "PEPPERS SHISHITO 1/2 BSH",
      "category": "Produce/Vegetables/Peppers",
      "brand": "Baldor",
      "supplier_id": "BALD001",
      "supplier_name": "Baldor Specialty Foods",
      "unit_size": "10 LB CTN",
      "unit_type": "case",
      "wholesale_price": 32.5,
      "retail_price": 32.5,
      "retail_unit_type": "lb",
      "retail_unit_size": "1",
      "retail_pack_size": "1",
      "retail_price_per_unit": 3.25,
      "retail_display": "$3.25/lb",
      "is_organic": false,
      "is_gluten_free": true,
      "is_vegan": true,
      "is_kosher": false,
      "is_non_gmo": false,
      "is_local": false,
      "is_imported": false,
      "search_terms": [
        "shishito",
        "vegetables",
        "bsh",
        "produce",
        "peppers"
      ],
      "upc": null,
      "processed_at": "2025-06-25T12:36:12.970222"
    },
    {
      "sku": "BALDOR_BR2B",
      "supplier_sku": "BR2B",
      "name": "SMITH'S FARM STAG BRAND BROCCOLI CROWNS 20 LB",
      "category": "Produce/Vegetables/Brassicas",
      "brand": "Baldor",
      "supplier_id": "BALD001",
      "supplier_name": "Baldor Specialty Foods",
      "unit_size": "20 LB CTN",
      "unit_type": "case",
      "wholesale_price": 23.0,
      "retail_price": 23.0,
      "retail_unit_type": "lb",
      "retail_unit_size": "1",
      "retail_pack_size": "1",
      "retail_price_per_unit": 1.15,
      "retail_display": "$1.15/lb",
      "is_organic": false,
      "is_gluten_free": true,
      "is_vegan": true,
      "is_kosher": false,
      "is_non_gmo": false,
      "is_local": false,
      "is_imported": false,
      "search_terms": [
        "broccoli",
        "brassicas",
        "farm",
        "brand",
        "vegetables",
        "crowns",
        "produce",
        "stag",
        "smith's"
      ],
      "upc": null,
      "processed_at": "2025-06-25T12:36:12.970230"
    },
    {
      "sku": "BALDOR_PE994ART",
      "supplier_sku": "PE994ART",
      "name": "PEPPER SHISHITO RTL BAG 8X8 OZ BAILEY",
      "category": "Produce/Vegetables/Peppers",
      "brand": "Baldor",
      "supplier_id": "BALD001",
      "supplier_name": "Baldor Specialty Foods",
      "unit_size": "8 OZ CTN",
      "unit_type": "case",
      "wholesale_price": 30.25,
      "retail_price": 30.25,
      "retail_unit_type": "oz",
      "retail_unit_size": "1",
      "retail_pack_size": "1",
      "retail_price_per_unit": 3.78,
      "retail_display": "$3.78/oz",
      "is_organic": false,
      "is_gluten_free": true,
      "is_vegan": true,
      "is_kosher": false,
      "is_non_gmo": false,
      "is_local": false,
      "is_imported": false,
      "search_terms": [
        "pepper",
        "shishito",
        "vegetables",
        "bag",
        "rtl",
        "produce",
        "bailey",
        "8x8",
        "peppers"
      ],
      "upc": null,
      "processed_at": "2025-06-25T12:36:12.970238"
    },
    {
      "sku": "BALDOR_BR8",
      "supplier_sku": "BR8",
      "name": "TANIMURA & ANTLE BROCCOFLOWER 12 CT",
      "category": "Produce/Other",
      "brand": "Baldor",
      "supplier_id": "BALD001",
      "supplier_name": "Baldor Specialty Foods",
      "unit_size": "12 CT CTN",
      "unit_type": "case",
      "wholesale_price": 38.0,
      "retail_price": 38.0,
      "retail_unit_type": "each",
      "retail_unit_size": "1",
      "retail_pack_size": "1",
      "retail_price_per_unit": 3.17,
      "retail_display": "$3.17/each",
      "is_organic": false,
      "is_gluten_free": true,
      "is_vegan": true,
      "is_kosher": false,
      "is_non_gmo": false,
      "is_local": false,
      "is_imported": false,
      "search_terms": [
        "broccoflower",
        "other",
        "antle",
        "produce",
        "tanimura"
      ],
      "upc": null,
      "processed_at": "2025-06-25T12:36:12.970247"
    },
    {
      "sku": "BALDOR_PE9991A",
      "supplier_sku": "PE9991A",
      "name": "PEPPER LONG HOT ITALIAN BSH",
      "category": "Produce/Vegetables/Peppers",
      "brand": "Baldor",
      "supplier_id": "BALD001",
      "supplier_name": "Baldor Specialty Foods",
      "unit_size": "1 BSH CTN",
      "unit_type": "case",
      "wholesale_price": 34.75,
      "retail_price": 34.75,
      "retail_unit_type": "case",
      "retail_unit_size": "1 BSH CTN",
      "retail_pack_size": "1",
      "retail_price_per_unit": 34.75,
      "retail_display": "$34.75/case",
      "is_organic": false,
      "is_gluten_free": true,
      "is_vegan": true,
      "is_kosher": false,
      "is_non_gmo": false,
      "is_local": false,
      "is_imported": false,
      "search_terms": [
        "pepper",
        "italian",
        "vegetables",
        "long",
        "bsh",
        "produce",
        "hot",
        "peppers"
      ],
      "upc": null,
      "processed_at": "2025-06-25T12:36:12.970256"
    },
    {
      "sku": "BALDOR_BR9VM",
      "supplier_sku": "BR9VM",
      "name": "PERO FAMILY FARMSBROCCOLI CARROTS CAULIFLOWER MEDLEY 6 X12 OZ",
      "category": "Produce/Vegetables/Brassicas",
      "brand": "Baldor",
      "supplier_id": "BALD001",
      "supplier_name": "Baldor Specialty Foods",
      "unit_size": "6 X 12 OZ CTN",
      "unit_type": "case",
      "wholesale_price": 22.25,
      "retail_price": 22.25,
      "retail_unit_type": "oz",
      "retail_unit_size": "1",
      "retail_pack_size": "1",
      "retail_price_per_unit": 1.85,
      "retail_display": "$1.85/oz",
      "is_organic": false,
      "is_gluten_free": true,
      "is_vegan": true,
      "is_kosher": false,
      "is_non_gmo": false,
      "is_local": false,
      "is_imported": false,
      "search_terms": [
        "carrots",
        "farmsbroccoli",
        "brassicas",
        "pero",
        "vegetables",
        "family",
        "produce",
        "medley",
        "cauliflower",
        "x12"
      ],
      "upc": null,
      "processed_at": "2025-06-25T12:36:12.970266"
    },
    {
      "sku": "BALDOR_PE9993",
      "supplier_sku": "PE9993",
      "name": "PEPPER FRESNO RED 10 LB",
      "category": "Produce/Vegetables/Peppers",
      "brand": "Baldor",
      "supplier_id": "BALD001",
      "supplier_name": "Baldor Specialty Foods",
      "unit_size": "10 LB CTN",
      "unit_type": "case",
      "wholesale_price": 48.75,
      "retail_price": 48.75,
      "retail_unit_type": "lb",
      "retail_unit_size": "1",
      "retail_pack_size": "1",
      "retail_price_per_unit": 4.88,
      "retail_display": "$4.88/lb",
      "is_organic": false,
      "is_gluten_free": true,
      "is_vegan": true,
      "is_kosher": false,
      "is_non_gmo": false,
      "is_local": false,
      "is_imported": false,
      "search_terms": [
        "pepper",
        "vegetables",
        "red",
        "produce",
        "fresno",
        "peppers"
      ],
      "upc": null,
      "processed_at": "2025-06-25T12:36:12.970273"
    },
    {
      "sku": "BALDOR_BR91",
      "supplier_sku": "BR91",
      "name": "CHINESE BROCCOLI / GAI LON 25 LBS",
      "category": "Produce/Vegetables/Brassicas",
      "brand": "Baldor",
      "supplier_id": "BALD001",
      "supplier_name": "Baldor Specialty Foods",
      "unit_size": "25 LB CTN",
      "unit_type": "case",
      "wholesale_price": 52.0,
      "retail_price": 52.0,
      "retail_unit_type": "lb",
      "retail_unit_size": "1",
      "retail_pack_size": "1",
      "retail_price_per_unit": 2.08,
      "retail_display": "$2.08/lb",
      "is_organic": false,
      "is_gluten_free": true,
      "is_vegan": true,
      "is_kosher": false,
      "is_non_gmo": false,
      "is_local": false,
      "is_imported": false,
      "search_terms": [
        "broccoli",
        "lbs",
        "brassicas",
        "chinese",
        "vegetables",
        "lon",
        "produce",
        "gai"
      ],
      "upc": null,
      "processed_at": "2025-06-25T12:36:12.970280"
    },
    {
      "sku": "BALDOR_BR90",
      "supplier_sku": "BR90",
      "name": "MANN PACKING BROCCOLI FLORETS 6 X 12 OZ",
      "category": "Produce/Vegetables/Brassicas",
      "brand": "Baldor",
      "supplier_id": "BALD001",
      "supplier_name": "Baldor Specialty Foods",
      "unit_size": "6 X 12 OZ CTN",
      "unit_type": "case",
      "wholesale_price": 24.25,
      "retail_price": 24.25,
      "retail_unit_type": "oz",
      "retail_unit_size": "1",
      "retail_pack_size": "1",
      "retail_price_per_unit": 2.02,
      "retail_display": "$2.02/oz",
      "is_organic": false,
      "is_gluten_free": true,
      "is_vegan": true,
      "is_kosher": false,
      "is_non_gmo": false,
      "is_local": false,
      "is_imported": false,
      "search_terms": [
        "mann",
        "broccoli",
        "brassicas",
        "vegetables",
        "packing",
        "florets",
        "produce"
      ],
      "upc": null,
      "processed_at": "2025-06-25T12:36:12.970288"
    },
    {
      "sku": "BALDOR_BR9",
      "supplier_sku": "BR9",
      "name": "BROCCOLI FLORETS 4 X 3LBS",
      "category": "Produce/Vegetables/Brassicas",
      "brand": "Baldor",
      "supplier_id": "BALD001",
      "supplier_name": "Baldor Specialty Foods",
      "unit_size": "4 X 3 LB CTN",
      "unit_type": "case",
      "wholesale_price": 36.0,
      "retail_price": 36.0,
      "retail_unit_type": "lb",
      "retail_unit_size": "1",
      "retail_pack_size": "1",
      "retail_price_per_unit": 12.0,
      "retail_display": "$12.00/lb",
      "is_organic": false,
      "is_gluten_free": true,
      "is_vegan": true,
      "is_kosher": false,
      "is_non_gmo": false,
      "is_local": false,
      "is_imported": false,
      "search_terms": [
        "broccoli",
        "brassicas",
        "vegetables",
        "florets",
        "produce",
        "3lbs"
      ],
      "upc": null,
      "processed_at": "2025-06-25T12:36:12.970295"
    },
    {
      "sku": "BALDOR_FRU5D",
      "supplier_sku": "FRU5D",
      "name": "PINEAPPLES GOLDEN CHUNKS 2X6 LB",
      "category": "Produce/Fruit/Apples",
      "brand": "Baldor",
      "supplier_id": "BALD001",
      "supplier_name": "Baldor Specialty Foods",
      "unit_size": "6 LB CTN",
      "unit_type": "case",
      "wholesale_price": 56.75,
      "retail_price": 56.75,
      "retail_unit_type": "lb",
      "retail_unit_size": "1",
      "retail_pack_size": "1",
      "retail_price_per_unit": 9.46,
      "retail_display": "$9.46/lb",
      "is_organic": false,
      "is_gluten_free": true,
      "is_vegan": true,
      "is_kosher": false,
      "is_non_gmo": false,
      "is_local": false,
      "is_imported": false,
      "search_terms": [
        "fruit",
        "apples",
        "produce",
        "golden",
        "2x6",
        "chunks",
        "pineapples"
      ],
      "upc": null,
      "processed_at": "2025-06-25T12:36:12.970302"
    },
    {
      "sku": "BALDOR_BR9P",
      "supplier_sku": "BR9P",
      "name": "PERO FAMILY FARMS BROCCOLI FLORETS",
      "category": "Produce/Vegetables/Brassicas",
      "brand": "Baldor",
      "supplier_id": "BALD001",
      "supplier_name": "Baldor Specialty Foods",
      "unit_size": "6 X 12 OZ CTN",
      "unit_type": "case",
      "wholesale_price": 23.25,
      "retail_price": 23.25,
      "retail_unit_type": "oz",
      "retail_unit_size": "1",
      "retail_pack_size": "1",
      "retail_price_per_unit": 1.94,
      "retail_display": "$1.94/oz",
      "is_organic": false,
      "is_gluten_free": true,
      "is_vegan": true,
      "is_kosher": false,
      "is_non_gmo": false,
      "is_local": false,
      "is_imported": false,
      "search_terms": [
        "broccoli",
        "brassicas",
        "pero",
        "farms",
        "vegetables",
        "family",
        "florets",
        "produce"
      ],
      "upc": null,
      "processed_at": "2025-06-25T12:36:12.970310"
    },
    {
      "sku": "BALDOR_PI3A",
      "supplier_sku": "PI3A",
      "name": "PINEAPPLE GOLDEN 7 CT",
      "category": "Produce/Fruit/Apples",
      "brand": "Baldor",
      "supplier_id": "BALD001",
      "supplier_name": "Baldor Specialty Foods",
      "unit_size": "7 CT CTN",
      "unit_type": "case",
      "wholesale_price": 26.0,
      "retail_price": 26.0,
      "retail_unit_type": "each",
      "retail_unit_size": "1",
      "retail_pack_size": "1",
      "retail_price_per_unit": 3.71,
      "retail_display": "$3.71/each",
      "is_organic": false,
      "is_gluten_free": true,
      "is_vegan": true,
      "is_kosher": false,
      "is_non_gmo": false,
      "is_local": false,
      "is_imported": false,
      "search_terms": [
        "fruit",
        "apples",
        "produce",
        "golden",
        "pineapple"
      ],
      "upc": null,
      "processed_at": "2025-06-25T12:36:12.970317"
    },
    {
      "sku": "BALDOR_BR9M",
      "supplier_sku": "BR9M",
      "name": "BROCCOLI SLAW 4X3 LB MANN",
      "category": "Produce/Vegetables/Brassicas",
      "brand": "Baldor",
      "supplier_id": "BALD001",
      "supplier_name": "Baldor Specialty Foods",
      "unit_size": "3 LB CTN",
      "unit_type": "case",
      "wholesale_price": 28.25,
      "retail_price": 28.25,
      "retail_unit_type": "lb",
      "retail_unit_size": "1",
      "retail_pack_size": "1",
      "retail_price_per_unit": 9.42,
      "retail_display": "$9.42/lb",
      "is_organic": false,
      "is_gluten_free": true,
      "is_vegan": true,
      "is_kosher": false,
      "is_non_gmo": false,
      "is_local": false,
      "is_imported": false,
      "search_terms": [
        "broccoli",
        "mann",
        "brassicas",
        "slaw",
        "vegetables",
        "4x3",
        "produce"
      ],
      "upc": null,
      "processed_at": "2025-06-25T12:36:12.970325"
    },
    {
      "sku": "BALDOR_PI3H2",
      "supplier_sku": "PI3H2",
      "name": "PINEAPPLE PINK PINKGLOW 6 CT DEL MONTE",
      "category": "Produce/Fruit/Apples",
      "brand": "Baldor",
      "supplier_id": "BALD001",
      "supplier_name": "Baldor Specialty Foods",
      "unit_size": "6 CT CTN",
      "unit_type": "case",
      "wholesale_price": 56.75,
      "retail_price": 56.75,
      "retail_unit_type": "each",
      "retail_unit_size": "1",
      "retail_pack_size": "1",
      "retail_price_per_unit": 9.46,
      "retail_display": "$9.46/each",
      "is_organic": false,
      "is_gluten_free": true,
      "is_vegan": true,
      "is_kosher": false,
      "is_non_gmo": false,
      "is_local": false,
      "is_imported": false,
      "search_terms": [
        "del",
        "monte",
        "fruit",
        "pink",
        "apples",
        "produce",
        "pineapple",
        "pinkglow"
      ],
      "upc": null,
      "processed_at": "2025-06-25T12:36:12.970334"
    },
    {
      "sku": "BALDOR_PI6",
      "supplier_sku": "PI6",
      "name": "PINEAPPLES GOLDEN 5 CT",
      "category": "Produce/Fruit/Apples",
      "brand": "Baldor",
      "supplier_id": "BALD001",
      "supplier_name": "Baldor Specialty Foods",
      "unit_size": "5 CT CTN",
      "unit_type": "case",
      "wholesale_price": 26.0,
      "retail_price": 26.0,
      "retail_unit_type": "each",
      "retail_unit_size": "1",
      "retail_pack_size": "1",
      "retail_price_per_unit": 5.2,
      "retail_display": "$5.20/each",
      "is_organic": false,
      "is_gluten_free": true,
      "is_vegan": true,
      "is_kosher": false,
      "is_non_gmo": false,
      "is_local": false,
      "is_imported": false,
      "search_terms": [
        "fruit",
        "apples",
        "produce",
        "golden",
        "pineapples"
      ],
      "upc": null,
      "processed_at": "2025-06-25T12:36:12.970341"
    },
    {
      "sku": "BALDOR_SPR10",
      "supplier_sku": "SPR10",
      "name": "BRUSSELS SPROUTS LOOSE 22 LB",
      "category": "Produce/Other",
      "brand": "Baldor",
      "supplier_id": "BALD001",
      "supplier_name": "Baldor Specialty Foods",
      "unit_size": "22 LB CTN",
      "unit_type": "case",
      "wholesale_price": 38.0,
      "retail_price": 38.0,
      "retail_unit_type": "lb",
      "retail_unit_size": "1",
      "retail_pack_size": "1",
      "retail_price_per_unit": 1.73,
      "retail_display": "$1.73/lb",
      "is_organic": false,
      "is_gluten_free": true,
      "is_vegan": true,
      "is_kosher": false,
      "is_non_gmo": false,
      "is_local": false,
      "is_imported": false,
      "search_terms": [
        "loose",
        "other",
        "produce",
        "sprouts",
        "brussels"
      ],
      "upc": null,
      "processed_at": "2025-06-25T12:36:12.970348"
    },
    {
      "sku": "BALDOR_PI61",
      "supplier_sku": "PI61",
      "name": "PINEAPPLES GOLDEN 6 CT",
      "category": "Produce/Fruit/Apples",
      "brand": "Baldor",
      "supplier_id": "BALD001",
      "supplier_name": "Baldor Specialty Foods",
      "unit_size": "6 CT CTN",
      "unit_type": "case",
      "wholesale_price": 26.0,
      "retail_price": 26.0,
      "retail_unit_type": "each",
      "retail_unit_size": "1",
      "retail_pack_size": "1",
      "retail_price_per_unit": 4.33,
      "retail_display": "$4.33/each",
      "is_organic": false,
      "is_gluten_free": true,
      "is_vegan": true,
      "is_kosher": false,
      "is_non_gmo": false,
      "is_local": false,
      "is_imported": false,
      "search_terms": [
        "fruit",
        "apples",
        "produce",
        "golden",
        "pineapples"
      ],
      "upc": null,
      "processed_at": "2025-06-25T12:36:12.970355"
    },
    {
      "sku": "BALDOR_SPR10A",
      "supplier_sku": "SPR10A",
      "name": "BRUSSELS SPROUTS ON THE STALK 9 CT",
      "category": "Produce/Other",
      "brand": "Baldor",
      "supplier_id": "BALD001",
      "supplier_name": "Baldor Specialty Foods",
      "unit_size": "9 CT CTN",
      "unit_type": "case",
      "wholesale_price": 56.25,
      "retail_price": 56.25,
      "retail_unit_type": "each",
      "retail_unit_size": "1",
      "retail_pack_size": "1",
      "retail_price_per_unit": 6.25,
      "retail_display": "$6.25/each",
      "is_organic": false,
      "is_gluten_free": true,
      "is_vegan": true,
      "is_kosher": false,
      "is_non_gmo": false,
      "is_local": false,
      "is_imported": false,
      "search_terms": [
        "other",
        "produce",
        "stalk",
        "sprouts",
        "brussels"
      ],
      "upc": null,
      "processed_at": "2025-06-25T12:36:12.970364"
    },
    {
      "sku": "BALDOR_PI6AA",
      "supplier_sku": "PI6AA",
      "name": "PINEAPPLES 5-6 CT DEL MONTE",
      "category": "Produce/Fruit/Apples",
      "brand": "Baldor",
      "supplier_id": "BALD001",
      "supplier_name": "Baldor Specialty Foods",
      "unit_size": "5-6 CT CTN",
      "unit_type": "case",
      "wholesale_price": 30.5,
      "retail_price": 30.5,
      "retail_unit_type": "each",
      "retail_unit_size": "1",
      "retail_pack_size": "1",
      "retail_price_per_unit": 5.08,
      "retail_display": "$5.08/each",
      "is_organic": false,
      "is_gluten_free": true,
      "is_vegan": true,
      "is_kosher": false,
      "is_non_gmo": false,
      "is_local": false,
      "is_imported": false,
      "search_terms": [
        "del",
        "monte",
        "fruit",
        "apples",
        "produce",
        "pineapples"
      ],
      "upc": null,
      "processed_at": "2025-06-25T12:36:12.970373"
    },
    {
      "sku": "BALDOR_SPR10AA",
      "supplier_sku": "SPR10AA",
      "name": "BRUSSELS SPROUTS 24X1 LB",
      "category": "Produce/Other",
      "brand": "Baldor",
      "supplier_id": "BALD001",
      "supplier_name": "Baldor Specialty Foods",
      "unit_size": "1 LB CTN",
      "unit_type": "case",
      "wholesale_price": 55.0,
      "retail_price": 55.0,
      "retail_unit_type": "lb",
      "retail_unit_size": "1",
      "retail_pack_size": "1",
      "retail_price_per_unit": 55.0,
      "retail_display": "$55.00/lb",
      "is_organic": false,
      "is_gluten_free": true,
      "is_vegan": true,
      "is_kosher": false,
      "is_non_gmo": false,
      "is_local": false,
      "is_imported": false,
      "search_terms": [
        "24x1",
        "other",
        "produce",
        "sprouts",
        "brussels"
      ],
      "upc": null,
      "processed_at": "2025-06-25T12:36:12.970380"
    },
    {
      "sku": "BALDOR_PI7B",
      "supplier_sku": "PI7B",
      "name": "PINEAPPLE GOLDEN CROWNLESS 6-8 CT",
      "category": "Produce/Fruit/Apples",
      "brand": "Baldor",
      "supplier_id": "BALD001",
      "supplier_name": "Baldor Specialty Foods",
      "unit_size": "6-8 CT CTN",
      "unit_type": "case",
      "wholesale_price": 25.0,
      "retail_price": 25.0,
      "retail_unit_type": "each",
      "retail_unit_size": "1",
      "retail_pack_size": "1",
      "retail_price_per_unit": 3.12,
      "retail_display": "$3.12/each",
      "is_organic": false,
      "is_gluten_free": true,
      "is_vegan": true,
      "is_kosher": false,
      "is_non_gmo": false,
      "is_local": false,
      "is_imported": false,
      "search_terms": [
        "fruit",
        "crownless",
        "apples",
        "produce",
        "golden",
        "pineapple"
      ],
      "upc": null,
      "processed_at": "2025-06-25T12:36:12.970388"
    },
    {
      "sku": "BALDOR_SPR10P",
      "supplier_sku": "SPR10P",
      "name": "PPERO FAMILY FARMS BRUSSELS SPROUTS 6 X 8OZ",
      "category": "Produce/Other",
      "brand": "Baldor",
      "supplier_id": "BALD001",
      "supplier_name": "Baldor Specialty Foods",
      "unit_size": "6 X 8 OZ CTN",
      "unit_type": "case",
      "wholesale_price": 20.75,
      "retail_price": 20.75,
      "retail_unit_type": "oz",
      "retail_unit_size": "1",
      "retail_pack_size": "1",
      "retail_price_per_unit": 2.59,
      "retail_display": "$2.59/oz",
      "is_organic": false,
      "is_gluten_free": true,
      "is_vegan": true,
      "is_kosher": false,
      "is_non_gmo": false,
      "is_local": false,
      "is_imported": false,
      "search_terms": [
        "8oz",
        "farms",
        "other",
        "family",
        "produce",
        "sprouts",
        "brussels",
        "ppero"
      ],
      "upc": null,
      "processed_at": "2025-06-25T12:36:12.970398"
    },
    {
      "sku": "BALDOR_PI9",
      "supplier_sku": "PI9",
      "name": "PINEAPPLE HONEY GLOW 6 CT DEL MONTE",
      "category": "Produce/Fruit/Apples",
      "brand": "Baldor",
      "supplier_id": "BALD001",
      "supplier_name": "Baldor Specialty Foods",
      "unit_size": "6 CT CTN",
      "unit_type": "case",
      "wholesale_price": 30.5,
      "retail_price": 30.5,
      "retail_unit_type": "each",
      "retail_unit_size": "1",
      "retail_pack_size": "1",
      "retail_price_per_unit": 5.08,
      "retail_display": "$5.08/each",
      "is_organic": false,
      "is_gluten_free": true,
      "is_vegan": true,
      "is_kosher": false,
      "is_non_gmo": false,
      "is_local": false,
      "is_imported": false,
      "search_terms": [
        "del",
        "monte",
        "fruit",
        "apples",
        "produce",
        "glow",
        "pineapple",
        "honey"
      ],
      "upc": null,
      "processed_at": "2025-06-25T12:36:12.970406"
    },
    {
      "sku": "BALDOR_SPR11",
      "supplier_sku": "SPR11",
      "name": "BABY BRUSSELS SPROUTS 6 X 12 OZ",
      "category": "Produce/Other",
      "brand": "Baldor",
      "supplier_id": "BALD001",
      "supplier_name": "Baldor Specialty Foods",
      "unit_size": "6 X 12 OZ CTN",
      "unit_type": "case",
      "wholesale_price": 32.25,
      "retail_price": 32.25,
      "retail_unit_type": "oz",
      "retail_unit_size": "1",
      "retail_pack_size": "1",
      "retail_price_per_unit": 2.69,
      "retail_display": "$2.69/oz",
      "is_organic": false,
      "is_gluten_free": true,
      "is_vegan": true,
      "is_kosher": false,
      "is_non_gmo": false,
      "is_local": false,
      "is_imported": false,
      "search_terms": [
        "baby",
        "other",
        "produce",
        "sprouts",
        "brussels"
      ],
      "upc": null,
      "processed_at": "2025-06-25T12:36:12.970415"
    },
    {
      "sku": "BALDOR_PI9A",
      "supplier_sku": "PI9A",
      "name": "PINEAPPLE MINI HONEYGLOW 8 CT DEL MONTE",
      "category": "Produce/Fruit/Apples",
      "brand": "Baldor",
      "supplier_id": "BALD001",
      "supplier_name": "Baldor Specialty Foods",
      "unit_size": "8 CT CTN",
      "unit_type": "case",
      "wholesale_price": 29.5,
      "retail_price": 29.5,
      "retail_unit_type": "each",
      "retail_unit_size": "1",
      "retail_pack_size": "1",
      "retail_price_per_unit": 3.69,
      "retail_display": "$3.69/each",
      "is_organic": false,
      "is_gluten_free": true,
      "is_vegan": true,
      "is_kosher": false,
      "is_non_gmo": false,
      "is_local": false,
      "is_imported": false,
      "search_terms": [
        "del",
        "monte",
        "fruit",
        "apples",
        "produce",
        "mini",
        "honeyglow",
        "pineapple"
      ],
      "upc": null,
      "processed_at": "2025-06-25T12:36:12.970423"
    },
    {
      "sku": "BALDOR_SPR11A",
      "supplier_sku": "SPR11A",
      "name": "BRUSSELS SPROUTS CLEANED 4X3 LB",
      "category": "Produce/Other",
      "brand": "Baldor",
      "supplier_id": "BALD001",
      "supplier_name": "Baldor Specialty Foods",
      "unit_size": "3 LB CTN",
      "unit_type": "case",
      "wholesale_price": 42.0,
      "retail_price": 42.0,
      "retail_unit_type": "lb",
      "retail_unit_size": "1",
      "retail_pack_size": "1",
      "retail_price_per_unit": 14.0,
      "retail_display": "$14.00/lb",
      "is_organic": false,
      "is_gluten_free": true,
      "is_vegan": true,
      "is_kosher": false,
      "is_non_gmo": false,
      "is_local": false,
      "is_imported": false,
      "search_terms": [
        "4x3",
        "cleaned",
        "other",
        "produce",
        "sprouts",
        "brussels"
      ],
      "upc": null,
      "processed_at": "2025-06-25T12:36:12.970431"
    },
    {
      "sku": "BALDOR_SPR1A",
      "supplier_sku": "SPR1A",
      "name": "BRUSSELS SPROUTS JUMBO LOOSE 25 LB HITCHCOCK FARMS",
      "category": "Produce/Other",
      "brand": "Baldor",
      "supplier_id": "BALD001",
      "supplier_name": "Baldor Specialty Foods",
      "unit_size": "25 LB CTN",
      "unit_type": "case",
      "wholesale_price": 38.0,
      "retail_price": 38.0,
      "retail_unit_type": "lb",
      "retail_unit_size": "1",
      "retail_pack_size": "1",
      "retail_price_per_unit": 1.52,
      "retail_display": "$1.52/lb",
      "is_organic": false,
      "is_gluten_free": true,
      "is_vegan": true,
      "is_kosher": false,
      "is_non_gmo": false,
      "is_local": false,
      "is_imported": false,
      "search_terms": [
        "loose",
        "hitchcock",
        "farms",
        "other",
        "produce",
        "sprouts",
        "jumbo",
        "brussels"
      ],
      "upc": null,
      "processed_at": "2025-06-25T12:36:12.970440"
    },
    {
      "sku": "BALDOR_FI1F",
      "supplier_sku": "FI1F",
      "name": "POTATO FINGERLING RUSSIAN MEDIUM 50 LB",
      "category": "Produce/Vegetables/Potatoes",
      "brand": "Baldor",
      "supplier_id": "BALD001",
      "supplier_name": "Baldor Specialty Foods",
      "unit_size": "50 LB CTN",
      "unit_type": "case",
      "wholesale_price": 96.25,
      "retail_price": 96.25,
      "retail_unit_type": "lb",
      "retail_unit_size": "1",
      "retail_pack_size": "1",
      "retail_price_per_unit": 1.93,
      "retail_display": "$1.93/lb",
      "is_organic": false,
      "is_gluten_free": true,
      "is_vegan": true,
      "is_kosher": false,
      "is_non_gmo": false,
      "is_local": false,
      "is_imported": false,
      "search_terms": [
        "potato",
        "vegetables",
        "produce",
        "potatoes",
        "russian",
        "medium",
        "fingerling"
      ],
      "upc": null,
      "processed_at": "2025-06-25T12:36:12.970451"
    },
    {
      "sku": "BALDOR_FI5N",
      "supplier_sku": "FI5N",
      "name": "POTATO RAINBOW PEE WEE 50 LB",
      "category": "Produce/Vegetables/Potatoes",
      "brand": "Baldor",
      "supplier_id": "BALD001",
      "supplier_name": "Baldor Specialty Foods",
      "unit_size": "50 LB CTN",
      "unit_type": "case",
      "wholesale_price": 139.5,
      "retail_price": 139.5,
      "retail_unit_type": "lb",
      "retail_unit_size": "1",
      "retail_pack_size": "1",
      "retail_price_per_unit": 2.79,
      "retail_display": "$2.79/lb",
      "is_organic": false,
      "is_gluten_free": true,
      "is_vegan": true,
      "is_kosher": false,
      "is_non_gmo": false,
      "is_local": false,
      "is_imported": false,
      "search_terms": [
        "potato",
        "rainbow",
        "wee",
        "vegetables",
        "produce",
        "potatoes",
        "pee"
      ],
      "upc": null,
      "processed_at": "2025-06-25T12:36:12.970458"
    },
    {
      "sku": "BALDOR_POT",
      "supplier_sku": "POT",
      "name": "POTATO 90 CT 50 LB",
      "category": "Produce/Vegetables/Potatoes",
      "brand": "Baldor",
      "supplier_id": "BALD001",
      "supplier_name": "Baldor Specialty Foods",
      "unit_size": "50 LB CTN",
      "unit_type": "case",
      "wholesale_price": 23.0,
      "retail_price": 23.0,
      "retail_unit_type": "lb",
      "retail_unit_size": "1",
      "retail_pack_size": "1",
      "retail_price_per_unit": 0.46,
      "retail_display": "$0.46/lb",
      "is_organic": false,
      "is_gluten_free": true,
      "is_vegan": true,
      "is_kosher": false,
      "is_non_gmo": false,
      "is_local": false,
      "is_imported": false,
      "search_terms": [
        "potato",
        "produce",
        "vegetables",
        "potatoes"
      ],
      "upc": null,
      "processed_at": "2025-06-25T12:36:12.970465"
    },
    {
      "sku": "BALDOR_CAB1",
      "supplier_sku": "CAB1",
      "name": "CABBAGE RED 14-16 CT",
      "category": "Produce/Other",
      "brand": "Baldor",
      "supplier_id": "BALD001",
      "supplier_name": "Baldor Specialty Foods",
      "unit_size": "40LB 14CT CTN",
      "unit_type": "case",
      "wholesale_price": 27.25,
      "retail_price": 27.25,
      "retail_unit_type": "lb",
      "retail_unit_size": "1",
      "retail_pack_size": "1",
      "retail_price_per_unit": 0.68,
      "retail_display": "$0.68/lb",
      "is_organic": false,
      "is_gluten_free": true,
      "is_vegan": true,
      "is_kosher": false,
      "is_non_gmo": false,
      "is_local": false,
      "is_imported": false,
      "search_terms": [
        "red",
        "produce",
        "cabbage",
        "other"
      ],
      "upc": null,
      "processed_at": "2025-06-25T12:36:12.970472"
    },
    {
      "sku": "BALDOR_CAB2",
      "supplier_sku": "CAB2",
      "name": "CABBAGE SAVOY 40 LB",
      "category": "Produce/Other",
      "brand": "Baldor",
      "supplier_id": "BALD001",
      "supplier_name": "Baldor Specialty Foods",
      "unit_size": "40 LB CTN",
      "unit_type": "case",
      "wholesale_price": 36.0,
      "retail_price": 36.0,
      "retail_unit_type": "lb",
      "retail_unit_size": "1",
      "retail_pack_size": "1",
      "retail_price_per_unit": 0.9,
      "retail_display": "$0.90/lb",
      "is_organic": false,
      "is_gluten_free": true,
      "is_vegan": true,
      "is_kosher": false,
      "is_non_gmo": false,
      "is_local": false,
      "is_imported": false,
      "search_terms": [
        "savoy",
        "cabbage",
        "produce",
        "other"
      ],
      "upc": null,
      "processed_at": "2025-06-25T12:36:12.970479"
    },
    {
      "sku": "BALDOR_POT2",
      "supplier_sku": "POT2",
      "name": "POTATO 80 CT 50 LB",
      "category": "Produce/Vegetables/Potatoes",
      "brand": "Baldor",
      "supplier_id": "BALD001",
      "supplier_name": "Baldor Specialty Foods",
      "unit_size": "50 LB CTN",
      "unit_type": "case",
      "wholesale_price": 24.0,
      "retail_price": 24.0,
      "retail_unit_type": "lb",
      "retail_unit_size": "1",
      "retail_pack_size": "1",
      "retail_price_per_unit": 0.48,
      "retail_display": "$0.48/lb",
      "is_organic": false,
      "is_gluten_free": true,
      "is_vegan": true,
      "is_kosher": false,
      "is_non_gmo": false,
      "is_local": false,
      "is_imported": false,
      "search_terms": [
        "potato",
        "produce",
        "vegetables",
        "potatoes"
      ],
      "upc": null,
      "processed_at": "2025-06-25T12:36:12.970486"
    },
    {
      "sku": "BALDOR_CAB2A",
      "supplier_sku": "CAB2A",
      "name": "CARAFLEX CABBAGE 8 CT",
      "category": "Produce/Other",
      "brand": "Baldor",
      "supplier_id": "BALD001",
      "supplier_name": "Baldor Specialty Foods",
      "unit_size": "8 CT CTN",
      "unit_type": "case",
      "wholesale_price": 53.25,
      "retail_price": 53.25,
      "retail_unit_type": "each",
      "retail_unit_size": "1",
      "retail_pack_size": "1",
      "retail_price_per_unit": 6.66,
      "retail_display": "$6.66/each",
      "is_organic": false,
      "is_gluten_free": true,
      "is_vegan": true,
      "is_kosher": false,
      "is_non_gmo": false,
      "is_local": false,
      "is_imported": false,
      "search_terms": [
        "produce",
        "cabbage",
        "caraflex",
        "other"
      ],
      "upc": null,
      "processed_at": "2025-06-25T12:36:12.970498"
    },
    {
      "sku": "BALDOR_POT20",
      "supplier_sku": "POT20",
      "name": "POTATO GPOD 80 CT 50 LB",
      "category": "Produce/Vegetables/Potatoes",
      "brand": "Baldor",
      "supplier_id": "BALD001",
      "supplier_name": "Baldor Specialty Foods",
      "unit_size": "50 LB CTN",
      "unit_type": "case",
      "wholesale_price": 25.0,
      "retail_price": 25.0,
      "retail_unit_type": "lb",
      "retail_unit_size": "1",
      "retail_pack_size": "1",
      "retail_price_per_unit": 0.5,
      "retail_display": "$0.50/lb",
      "is_organic": false,
      "is_gluten_free": true,
      "is_vegan": true,
      "is_kosher": false,
      "is_non_gmo": false,
      "is_local": false,
      "is_imported": false,
      "search_terms": [
        "potato",
        "gpod",
        "vegetables",
        "produce",
        "potatoes"
      ],
      "upc": null,
      "processed_at": "2025-06-25T12:36:12.970504"
    },
    {
      "sku": "BALDOR_CAB10",
      "supplier_sku": "CAB10",
      "name": "TANIMURA & ANTLE ARTISAN DEW DROP CABBAGE 20-24 CT",
      "category": "Produce/Other",
      "brand": "Baldor",
      "supplier_id": "BALD001",
      "supplier_name": "Baldor Specialty Foods",
      "unit_size": "20-24 CT CTN",
      "unit_type": "case",
      "wholesale_price": 26.0,
      "retail_price": 26.0,
      "retail_unit_type": "each",
      "retail_unit_size": "1",
      "retail_pack_size": "1",
      "retail_price_per_unit": 1.08,
      "retail_display": "$1.08/each",
      "is_organic": false,
      "is_gluten_free": true,
      "is_vegan": true,
      "is_kosher": false,
      "is_non_gmo": false,
      "is_local": false,
      "is_imported": false,
      "search_terms": [
        "dew",
        "drop",
        "other",
        "antle",
        "produce",
        "artisan",
        "cabbage",
        "tanimura"
      ],
      "upc": null,
      "processed_at": "2025-06-25T12:36:12.970515"
    },
    {
      "sku": "BALDOR_POT3",
      "supplier_sku": "POT3",
      "name": "POTATO 60 CT 50 LB",
      "category": "Produce/Vegetables/Potatoes",
      "brand": "Baldor",
      "supplier_id": "BALD001",
      "supplier_name": "Baldor Specialty Foods",
      "unit_size": "50 LB CTN",
      "unit_type": "case",
      "wholesale_price": 25.0,
      "retail_price": 25.0,
      "retail_unit_type": "lb",
      "retail_unit_size": "1",
      "retail_pack_size": "1",
      "retail_price_per_unit": 0.5,
      "retail_display": "$0.50/lb",
      "is_organic": false,
      "is_gluten_free": true,
      "is_vegan": true,
      "is_kosher": false,
      "is_non_gmo": false,
      "is_local": false,
      "is_imported": false,
      "search_terms": [
        "potato",
        "produce",
        "vegetables",
        "potatoes"
      ],
      "upc": null,
      "processed_at": "2025-06-25T12:36:12.970521"
    },
    {
      "sku": "BALDOR_CAB3",
      "supplier_sku": "CAB3",
      "name": "CABBAGE NAPA 30 LB",
      "category": "Produce/Other",
      "brand": "Baldor",
      "supplier_id": "BALD001",
      "supplier_name": "Baldor Specialty Foods",
      "unit_size": "30 LB CTN",
      "unit_type": "case",
      "wholesale_price": 42.75,
      "retail_price": 42.75,
      "retail_unit_type": "lb",
      "retail_unit_size": "1",
      "retail_pack_size": "1",
      "retail_price_per_unit": 1.43,
      "retail_display": "$1.43/lb",
      "is_organic": false,
      "is_gluten_free": true,
      "is_vegan": true,
      "is_kosher": false,
      "is_non_gmo": false,
      "is_local": false,
      "is_imported": false,
      "search_terms": [
        "produce",
        "cabbage",
        "napa",
        "other"
      ],
      "upc": null,
      "processed_at": "2025-06-25T12:36:12.970528"
    },
    {
      "sku": "BALDOR_CAB5",
      "supplier_sku": "CAB5",
      "name": "BOK CHOY 30 LB",
      "category": "Produce/Other",
      "brand": "Baldor",
      "supplier_id": "BALD001",
      "supplier_name": "Baldor Specialty Foods",
      "unit_size": "30 LB CTN",
      "unit_type": "case",
      "wholesale_price": 37.0,
      "retail_price": 37.0,
      "retail_unit_type": "lb",
      "retail_unit_size": "1",
      "retail_pack_size": "1",
      "retail_price_per_unit": 1.23,
      "retail_display": "$1.23/lb",
      "is_organic": false,
      "is_gluten_free": true,
      "is_vegan": true,
      "is_kosher": false,
      "is_non_gmo": false,
      "is_local": false,
      "is_imported": false,
      "search_terms": [
        "produce",
        "bok",
        "choy",
        "other"
      ],
      "upc": null,
      "processed_at": "2025-06-25T12:36:12.970535"
    },
    {
      "sku": "BALDOR_POT4",
      "supplier_sku": "POT4",
      "name": "POTATO 70 CT 50 LB",
      "category": "Produce/Vegetables/Potatoes",
      "brand": "Baldor",
      "supplier_id": "BALD001",
      "supplier_name": "Baldor Specialty Foods",
      "unit_size": "50 LB CTN",
      "unit_type": "case",
      "wholesale_price": 25.0,
      "retail_price": 25.0,
      "retail_unit_type": "lb",
      "retail_unit_size": "1",
      "retail_pack_size": "1",
      "retail_price_per_unit": 0.5,
      "retail_display": "$0.50/lb",
      "is_organic": false,
      "is_gluten_free": true,
      "is_vegan": true,
      "is_kosher": false,
      "is_non_gmo": false,
      "is_local": false,
      "is_imported": false,
      "search_terms": [
        "potato",
        "produce",
        "vegetables",
        "potatoes"
      ],
      "upc": null,
      "processed_at": "2025-06-25T12:36:12.970541"
    },
    {
      "sku": "BALDOR_CAB5A",
      "supplier_sku": "CAB5A",
      "name": "BOK CHOY BABY 10 LB",
      "category": "Produce/Other",
      "brand": "Baldor",
      "supplier_id": "BALD001",
      "supplier_name": "Baldor Specialty Foods",
      "unit_size": "10 LB CTN",
      "unit_type": "case",
      "wholesale_price": 24.0,
      "retail_price": 24.0,
      "retail_unit_type": "lb",
      "retail_unit_size": "1",
      "retail_pack_size": "1",
      "retail_price_per_unit": 2.4,
      "retail_display": "$2.40/lb",
      "is_organic": false,
      "is_gluten_free": true,
      "is_vegan": true,
      "is_kosher": false,
      "is_non_gmo": false,
      "is_local": false,
      "is_imported": false,
      "search_terms": [
        "baby",
        "other",
        "produce",
        "bok",
        "choy"
      ],
      "upc": null,
      "processed_at": "2025-06-25T12:36:12.970548"
    },
    {
      "sku": "BALDOR_POT40",
      "supplier_sku": "POT40",
      "name": "POTATO GPOD 70 CT 50 LB",
      "category": "Produce/Vegetables/Potatoes",
      "brand": "Baldor",
      "supplier_id": "BALD001",
      "supplier_name": "Baldor Specialty Foods",
      "unit_size": "50 LB CTN",
      "unit_type": "case",
      "wholesale_price": 24.5,
      "retail_price": 24.5,
      "retail_unit_type": "lb",
      "retail_unit_size": "1",
      "retail_pack_size": "1",
      "retail_price_per_unit": 0.49,
      "retail_display": "$0.49/lb",
      "is_organic": false,
      "is_gluten_free": true,
      "is_vegan": true,
      "is_kosher": false,
      "is_non_gmo": false,
      "is_local": false,
      "is_imported": false,
      "search_terms": [
        "potato",
        "gpod",
        "vegetables",
        "produce",
        "potatoes"
      ],
      "upc": null,
      "processed_at": "2025-06-25T12:36:12.970556"
    },
    {
      "sku": "BALDOR_CAB5B",
      "supplier_sku": "CAB5B",
      "name": "BOK CHOY BABY MASTER 25 LB",
      "category": "Produce/Other",
      "brand": "Baldor",
      "supplier_id": "BALD001",
      "supplier_name": "Baldor Specialty Foods",
      "unit_size": "25 LB CTN",
      "unit_type": "case",
      "wholesale_price": 38.0,
      "retail_price": 38.0,
      "retail_unit_type": "lb",
      "retail_unit_size": "1",
      "retail_pack_size": "1",
      "retail_price_per_unit": 1.52,
      "retail_display": "$1.52/lb",
      "is_organic": false,
      "is_gluten_free": true,
      "is_vegan": true,
      "is_kosher": false,
      "is_non_gmo": false,
      "is_local": false,
      "is_imported": false,
      "search_terms": [
        "baby",
        "master",
        "other",
        "produce",
        "bok",
        "choy"
      ],
      "upc": null,
      "processed_at": "2025-06-25T12:36:12.970564"
    },
    {
      "sku": "BALDOR_POT5",
      "supplier_sku": "POT5",
      "name": "POTATO 50 CT 50 LB",
      "category": "Produce/Vegetables/Potatoes",
      "brand": "Baldor",
      "supplier_id": "BALD001",
      "supplier_name": "Baldor Specialty Foods",
      "unit_size": "50 LB CTN",
      "unit_type": "case",
      "wholesale_price": 26.75,
      "retail_price": 26.75,
      "retail_unit_type": "lb",
      "retail_unit_size": "1",
      "retail_pack_size": "1",
      "retail_price_per_unit": 0.54,
      "retail_display": "$0.54/lb",
      "is_organic": false,
      "is_gluten_free": true,
      "is_vegan": true,
      "is_kosher": false,
      "is_non_gmo": false,
      "is_local": false,
      "is_imported": false,
      "search_terms": [
        "potato",
        "produce",
        "vegetables",
        "potatoes"
      ],
      "upc": null,
      "processed_at": "2025-06-25T12:36:12.970570"
    },
    {
      "sku": "BALDOR_CAB5C",
      "supplier_sku": "CAB5C",
      "name": "ULTRA BABY BOK CHOY 10 LB",
      "category": "Produce/Other",
      "brand": "Baldor",
      "supplier_id": "BALD001",
      "supplier_name": "Baldor Specialty Foods",
      "unit_size": "10 LB CTN",
      "unit_type": "case",
      "wholesale_price": 42.25,
      "retail_price": 42.25,
      "retail_unit_type": "lb",
      "retail_unit_size": "1",
      "retail_pack_size": "1",
      "retail_price_per_unit": 4.22,
      "retail_display": "$4.22/lb",
      "is_organic": false,
      "is_gluten_free": true,
      "is_vegan": true,
      "is_kosher": false,
      "is_non_gmo": false,
      "is_local": false,
      "is_imported": false,
      "search_terms": [
        "ultra",
        "baby",
        "other",
        "produce",
        "bok",
        "choy"
      ],
      "upc": null,
      "processed_at": "2025-06-25T12:36:12.970578"
    },
    {
      "sku": "BALDOR_POT7",
      "supplier_sku": "POT7",
      "name": "POTATO WHITE CHEF 50 LB",
      "category": "Produce/Vegetables/Potatoes",
      "brand": "Baldor",
      "supplier_id": "BALD001",
      "supplier_name": "Baldor Specialty Foods",
      "unit_size": "50 LB CTN",
      "unit_type": "case",
      "wholesale_price": 26.0,
      "retail_price": 26.0,
      "retail_unit_type": "lb",
      "retail_unit_size": "1",
      "retail_pack_size": "1",
      "retail_price_per_unit": 0.52,
      "retail_display": "$0.52/lb",
      "is_organic": false,
      "is_gluten_free": true,
      "is_vegan": true,
      "is_kosher": false,
      "is_non_gmo": false,
      "is_local": false,
      "is_imported": false,
      "search_terms": [
        "potato",
        "chef",
        "white",
        "vegetables",
        "produce",
        "potatoes"
      ],
      "upc": null,
      "processed_at": "2025-06-25T12:36:12.970585"
    },
    {
      "sku": "BALDOR_CAB5CC",
      "supplier_sku": "CAB5CC",
      "name": "ULTRA BABY BOK CHOY 20 LB",
      "category": "Produce/Other",
      "brand": "Baldor",
      "supplier_id": "BALD001",
      "supplier_name": "Baldor Specialty Foods",
      "unit_size": "20 LB CTN",
      "unit_type": "case",
      "wholesale_price": 69.25,
      "retail_price": 69.25,
      "retail_unit_type": "lb",
      "retail_unit_size": "1",
      "retail_pack_size": "1",
      "retail_price_per_unit": 3.46,
      "retail_display": "$3.46/lb",
      "is_organic": false,
      "is_gluten_free": true,
      "is_vegan": true,
      "is_kosher": false,
      "is_non_gmo": false,
      "is_local": false,
      "is_imported": false,
      "search_terms": [
        "ultra",
        "baby",
        "other",
        "produce",
        "bok",
        "choy"
      ],
      "upc": null,
      "processed_at": "2025-06-25T12:36:12.970592"
    },
    {
      "sku": "BALDOR_POT8",
      "supplier_sku": "POT8",
      "name": "POTATO RED BLISS B 50 LB",
      "category": "Produce/Vegetables/Potatoes",
      "brand": "Baldor",
      "supplier_id": "BALD001",
      "supplier_name": "Baldor Specialty Foods",
      "unit_size": "50 LB CTN",
      "unit_type": "case",
      "wholesale_price": 32.5,
      "retail_price": 32.5,
      "retail_unit_type": "lb",
      "retail_unit_size": "1",
      "retail_pack_size": "1",
      "retail_price_per_unit": 0.65,
      "retail_display": "$0.65/lb",
      "is_organic": false,
      "is_gluten_free": true,
      "is_vegan": true,
      "is_kosher": false,
      "is_non_gmo": false,
      "is_local": false,
      "is_imported": false,
      "search_terms": [
        "potato",
        "bliss",
        "vegetables",
        "red",
        "produce",
        "potatoes"
      ],
      "upc": null,
      "processed_at": "2025-06-25T12:36:12.970598"
    },
    {
      "sku": "BALDOR_KO2",
      "supplier_sku": "KO2",
      "name": "KOHLRABI 12 CT",
      "category": "Produce/Other",
      "brand": "Baldor",
      "supplier_id": "BALD001",
      "supplier_name": "Baldor Specialty Foods",
      "unit_size": "12 CT CTN",
      "unit_type": "case",
      "wholesale_price": 31.5,
      "retail_price": 31.5,
      "retail_unit_type": "each",
      "retail_unit_size": "1",
      "retail_pack_size": "1",
      "retail_price_per_unit": 2.62,
      "retail_display": "$2.62/each",
      "is_organic": false,
      "is_gluten_free": true,
      "is_vegan": true,
      "is_kosher": false,
      "is_non_gmo": false,
      "is_local": false,
      "is_imported": false,
      "search_terms": [
        "produce",
        "kohlrabi",
        "other"
      ],
      "upc": null,
      "processed_at": "2025-06-25T12:36:12.970606"
    },
    {
      "sku": "BALDOR_POT8B",
      "supplier_sku": "POT8B",
      "name": "POTATO RED A 50 LB",
      "category": "Produce/Vegetables/Potatoes",
      "brand": "Baldor",
      "supplier_id": "BALD001",
      "supplier_name": "Baldor Specialty Foods",
      "unit_size": "50 LB CTN",
      "unit_type": "case",
      "wholesale_price": 31.5,
      "retail_price": 31.5,
      "retail_unit_type": "lb",
      "retail_unit_size": "1",
      "retail_pack_size": "1",
      "retail_price_per_unit": 0.63,
      "retail_display": "$0.63/lb",
      "is_organic": false,
      "is_gluten_free": true,
      "is_vegan": true,
      "is_kosher": false,
      "is_non_gmo": false,
      "is_local": false,
      "is_imported": false,
      "search_terms": [
        "potato",
        "vegetables",
        "red",
        "produce",
        "potatoes"
      ],
      "upc": null,
      "processed_at": "2025-06-25T12:36:12.970613"
    },
    {
      "sku": "BALDOR_POT8C",
      "supplier_sku": "POT8C",
      "name": "POTATO RED A XFCY 50 LB",
      "category": "Produce/Vegetables/Potatoes",
      "brand": "Baldor",
      "supplier_id": "BALD001",
      "supplier_name": "Baldor Specialty Foods",
      "unit_size": "50 LB CTN",
      "unit_type": "case",
      "wholesale_price": 42.75,
      "retail_price": 42.75,
      "retail_unit_type": "lb",
      "retail_unit_size": "1",
      "retail_pack_size": "1",
      "retail_price_per_unit": 0.85,
      "retail_display": "$0.85/lb",
      "is_organic": false,
      "is_gluten_free": true,
      "is_vegan": true,
      "is_kosher": false,
      "is_non_gmo": false,
      "is_local": false,
      "is_imported": false,
      "search_terms": [
        "potato",
        "xfcy",
        "vegetables",
        "red",
        "produce",
        "potatoes"
      ],
      "upc": null,
      "processed_at": "2025-06-25T12:36:12.970619"
    },
    {
      "sku": "BALDOR_POT9",
      "supplier_sku": "POT9",
      "name": "YAMS JUMBO 40 LB",
      "category": "Produce/Other",
      "brand": "Baldor",
      "supplier_id": "BALD001",
      "supplier_name": "Baldor Specialty Foods",
      "unit_size": "40 LB CTN",
      "unit_type": "case",
      "wholesale_price": 24.0,
      "retail_price": 24.0,
      "retail_unit_type": "lb",
      "retail_unit_size": "1",
      "retail_pack_size": "1",
      "retail_price_per_unit": 0.6,
      "retail_display": "$0.60/lb",
      "is_organic": false,
      "is_gluten_free": true,
      "is_vegan": true,
      "is_kosher": false,
      "is_non_gmo": false,
      "is_local": false,
      "is_imported": false,
      "search_terms": [
        "produce",
        "yams",
        "other",
        "jumbo"
      ],
      "upc": null,
      "processed_at": "2025-06-25T12:36:12.970626"
    },
    {
      "sku": "BALDOR_CAR.25",
      "supplier_sku": "CAR.25",
      "name": "CARROT JUMBO CALIFORNIA 25 LB",
      "category": "Produce/Vegetables/Root Vegetables",
      "brand": "Baldor",
      "supplier_id": "BALD001",
      "supplier_name": "Baldor Specialty Foods",
      "unit_size": "25 LB CTN",
      "unit_type": "case",
      "wholesale_price": 27.25,
      "retail_price": 27.25,
      "retail_unit_type": "lb",
      "retail_unit_size": "1",
      "retail_pack_size": "1",
      "retail_price_per_unit": 1.09,
      "retail_display": "$1.09/lb",
      "is_organic": false,
      "is_gluten_free": true,
      "is_vegan": true,
      "is_kosher": false,
      "is_non_gmo": false,
      "is_local": false,
      "is_imported": false,
      "search_terms": [
        "root vegetables",
        "vegetables",
        "produce",
        "california",
        "jumbo",
        "carrot"
      ],
      "upc": null,
      "processed_at": "2025-06-25T12:36:12.970633"
    },
    {
      "sku": "BALDOR_POT90",
      "supplier_sku": "POT90",
      "name": "YAMS XFCY 40 LB",
      "category": "Produce/Other",
      "brand": "Baldor",
      "supplier_id": "BALD001",
      "supplier_name": "Baldor Specialty Foods",
      "unit_size": "40 LB CTN",
      "unit_type": "case",
      "wholesale_price": 33.0,
      "retail_price": 33.0,
      "retail_unit_type": "lb",
      "retail_unit_size": "1",
      "retail_pack_size": "1",
      "retail_price_per_unit": 0.82,
      "retail_display": "$0.82/lb",
      "is_organic": false,
      "is_gluten_free": true,
      "is_vegan": true,
      "is_kosher": false,
      "is_non_gmo": false,
      "is_local": false,
      "is_imported": false,
      "search_terms": [
        "xfcy",
        "produce",
        "yams",
        "other"
      ],
      "upc": null,
      "processed_at": "2025-06-25T12:36:12.970639"
    },
    {
      "sku": "BALDOR_CAR0",
      "supplier_sku": "CAR0",
      "name": "CARROT LOOSE XFCY 50 LB CALIFORNIA",
      "category": "Produce/Vegetables/Root Vegetables",
      "brand": "Baldor",
      "supplier_id": "BALD001",
      "supplier_name": "Baldor Specialty Foods",
      "unit_size": "50 LB CTN",
      "unit_type": "case",
      "wholesale_price": 44.75,
      "retail_price": 44.75,
      "retail_unit_type": "lb",
      "retail_unit_size": "1",
      "retail_pack_size": "1",
      "retail_price_per_unit": 0.9,
      "retail_display": "$0.90/lb",
      "is_organic": false,
      "is_gluten_free": true,
      "is_vegan": true,
      "is_kosher": false,
      "is_non_gmo": false,
      "is_local": false,
      "is_imported": false,
      "search_terms": [
        "xfcy",
        "root vegetables",
        "loose",
        "vegetables",
        "produce",
        "california",
        "carrot"
      ],
      "upc": null,
      "processed_at": "2025-06-25T12:36:12.970647"
    },
    {
      "sku": "BALDOR_POT90A",
      "supplier_sku": "POT90A",
      "name": "YAMS MEDIUM 40 LB",
      "category": "Produce/Other",
      "brand": "Baldor",
      "supplier_id": "BALD001",
      "supplier_name": "Baldor Specialty Foods",
      "unit_size": "40 LB CTN",
      "unit_type": "case",
      "wholesale_price": 26.0,
      "retail_price": 26.0,
      "retail_unit_type": "lb",
      "retail_unit_size": "1",
      "retail_pack_size": "1",
      "retail_price_per_unit": 0.65,
      "retail_display": "$0.65/lb",
      "is_organic": false,
      "is_gluten_free": true,
      "is_vegan": true,
      "is_kosher": false,
      "is_non_gmo": false,
      "is_local": false,
      "is_imported": false,
      "search_terms": [
        "produce",
        "yams",
        "other",
        "medium"
      ],
      "upc": null,
      "processed_at": "2025-06-25T12:36:12.970659"
    },
    {
      "sku": "BALDOR_CAR1",
      "supplier_sku": "CAR1",
      "name": "CARROT FRENCH BABY 24 CT CALIFORNIA",
      "category": "Produce/Vegetables/Root Vegetables",
      "brand": "Baldor",
      "supplier_id": "BALD001",
      "supplier_name": "Baldor Specialty Foods",
      "unit_size": "24 CT CTN",
      "unit_type": "case",
      "wholesale_price": 40.75,
      "retail_price": 40.75,
      "retail_unit_type": "each",
      "retail_unit_size": "1",
      "retail_pack_size": "1",
      "retail_price_per_unit": 1.7,
      "retail_display": "$1.70/each",
      "is_organic": false,
      "is_gluten_free": true,
      "is_vegan": true,
      "is_kosher": false,
      "is_non_gmo": false,
      "is_local": false,
      "is_imported": false,
      "search_terms": [
        "root vegetables",
        "baby",
        "vegetables",
        "produce",
        "french",
        "california",
        "carrot"
      ],
      "upc": null,
      "processed_at": "2025-06-25T12:36:12.970667"
    },
    {
      "sku": "BALDOR_POT92",
      "supplier_sku": "POT92",
      "name": "POTATO YUKON YELLOW FLESH LARGE A 50 LB",
      "category": "Produce/Vegetables/Potatoes",
      "brand": "Baldor",
      "supplier_id": "BALD001",
      "supplier_name": "Baldor Specialty Foods",
      "unit_size": "50 LB CTN",
      "unit_type": "case",
      "wholesale_price": 21.25,
      "retail_price": 21.25,
      "retail_unit_type": "lb",
      "retail_unit_size": "1",
      "retail_pack_size": "1",
      "retail_price_per_unit": 0.42,
      "retail_display": "$0.42/lb",
      "is_organic": false,
      "is_gluten_free": true,
      "is_vegan": true,
      "is_kosher": false,
      "is_non_gmo": false,
      "is_local": false,
      "is_imported": false,
      "search_terms": [
        "potato",
        "large",
        "vegetables",
        "flesh",
        "yukon",
        "produce",
        "potatoes",
        "yellow"
      ],
      "upc": null,
      "processed_at": "2025-06-25T12:36:12.970675"
    },
    {
      "sku": "BALDOR_CAR3",
      "supplier_sku": "CAR3",
      "name": "CARROT FRESH BUNCHED 24 CT",
      "category": "Produce/Vegetables/Root Vegetables",
      "brand": "Baldor",
      "supplier_id": "BALD001",
      "supplier_name": "Baldor Specialty Foods",
      "unit_size": "24 CT CTN",
      "unit_type": "case",
      "wholesale_price": 38.0,
      "retail_price": 38.0,
      "retail_unit_type": "each",
      "retail_unit_size": "1",
      "retail_pack_size": "1",
      "retail_price_per_unit": 1.58,
      "retail_display": "$1.58/each",
      "is_organic": false,
      "is_gluten_free": true,
      "is_vegan": true,
      "is_kosher": false,
      "is_non_gmo": false,
      "is_local": false,
      "is_imported": false,
      "search_terms": [
        "root vegetables",
        "fresh",
        "vegetables",
        "produce",
        "bunched",
        "carrot"
      ],
      "upc": null,
      "processed_at": "2025-06-25T12:36:12.970683"
    },
    {
      "sku": "BALDOR_POT92A",
      "supplier_sku": "POT92A",
      "name": "POTATO YUKON YELLOW FLESH MEDIUM B 50 LB",
      "category": "Produce/Vegetables/Potatoes",
      "brand": "Baldor",
      "supplier_id": "BALD001",
      "supplier_name": "Baldor Specialty Foods",
      "unit_size": "50 LB CTN",
      "unit_type": "case",
      "wholesale_price": 21.25,
      "retail_price": 21.25,
      "retail_unit_type": "lb",
      "retail_unit_size": "1",
      "retail_pack_size": "1",
      "retail_price_per_unit": 0.42,
      "retail_display": "$0.42/lb",
      "is_organic": false,
      "is_gluten_free": true,
      "is_vegan": true,
      "is_kosher": false,
      "is_non_gmo": false,
      "is_local": false,
      "is_imported": false,
      "search_terms": [
        "potato",
        "vegetables",
        "flesh",
        "yukon",
        "produce",
        "potatoes",
        "medium",
        "yellow"
      ],
      "upc": null,
      "processed_at": "2025-06-25T12:36:12.970690"
    },
    {
      "sku": "BALDOR_CAR5",
      "supplier_sku": "CAR5",
      "name": "BABE FAMR BABY THUMBELINA CARROTS 24 CT",
      "category": "Produce/Vegetables/Root Vegetables",
      "brand": "Baldor",
      "supplier_id": "BALD001",
      "supplier_name": "Baldor Specialty Foods",
      "unit_size": "24 CT CTN",
      "unit_type": "case",
      "wholesale_price": 42.75,
      "retail_price": 42.75,
      "retail_unit_type": "each",
      "retail_unit_size": "1",
      "retail_pack_size": "1",
      "retail_price_per_unit": 1.78,
      "retail_display": "$1.78/each",
      "is_organic": false,
      "is_gluten_free": true,
      "is_vegan": true,
      "is_kosher": false,
      "is_non_gmo": false,
      "is_local": false,
      "is_imported": false,
      "search_terms": [
        "carrots",
        "root vegetables",
        "famr",
        "baby",
        "vegetables",
        "babe",
        "thumbelina",
        "produce"
      ],
      "upc": null,
      "processed_at": "2025-06-25T12:36:12.970699"
    },
    {
      "sku": "BALDOR_POT94",
      "supplier_sku": "POT94",
      "name": "POTATO RED CREAMERS C 50 LB",
      "category": "Produce/Vegetables/Potatoes",
      "brand": "Baldor",
      "supplier_id": "BALD001",
      "supplier_name": "Baldor Specialty Foods",
      "unit_size": "50 LB CTN",
      "unit_type": "case",
      "wholesale_price": 74.75,
      "retail_price": 74.75,
      "retail_unit_type": "lb",
      "retail_unit_size": "1",
      "retail_pack_size": "1",
      "retail_price_per_unit": 1.5,
      "retail_display": "$1.50/lb",
      "is_organic": false,
      "is_gluten_free": true,
      "is_vegan": true,
      "is_kosher": false,
      "is_non_gmo": false,
      "is_local": false,
      "is_imported": false,
      "search_terms": [
        "potato",
        "vegetables",
        "red",
        "produce",
        "potatoes",
        "creamers"
      ],
      "upc": null,
      "processed_at": "2025-06-25T12:36:12.970706"
    },
    {
      "sku": "BALDOR_CAR9",
      "supplier_sku": "CAR9",
      "name": "CARROT BABY PEELED PREMIER 30X1 LB",
      "category": "Produce/Vegetables/Root Vegetables",
      "brand": "Baldor",
      "supplier_id": "BALD001",
      "supplier_name": "Baldor Specialty Foods",
      "unit_size": "1 LB CTN",
      "unit_type": "case",
      "wholesale_price": 43.75,
      "retail_price": 43.75,
      "retail_unit_type": "lb",
      "retail_unit_size": "1",
      "retail_pack_size": "1",
      "retail_price_per_unit": 43.75,
      "retail_display": "$43.75/lb",
      "is_organic": false,
      "is_gluten_free": true,
      "is_vegan": true,
      "is_kosher": false,
      "is_non_gmo": false,
      "is_local": false,
      "is_imported": false,
      "search_terms": [
        "root vegetables",
        "peeled",
        "baby",
        "vegetables",
        "30x1",
        "produce",
        "premier",
        "carrot"
      ],
      "upc": null,
      "processed_at": "2025-06-25T12:36:12.970713"
    },
    {
      "sku": "BALDOR_POT96",
      "supplier_sku": "POT96",
      "name": "POTATO YUKON BABY C 50 LB",
      "category": "Produce/Vegetables/Potatoes",
      "brand": "Baldor",
      "supplier_id": "BALD001",
      "supplier_name": "Baldor Specialty Foods",
      "unit_size": "50 LB CTN",
      "unit_type": "case",
      "wholesale_price": 56.75,
      "retail_price": 56.75,
      "retail_unit_type": "lb",
      "retail_unit_size": "1",
      "retail_pack_size": "1",
      "retail_price_per_unit": 1.14,
      "retail_display": "$1.14/lb",
      "is_organic": false,
      "is_gluten_free": true,
      "is_vegan": true,
      "is_kosher": false,
      "is_non_gmo": false,
      "is_local": false,
      "is_imported": false,
      "search_terms": [
        "potato",
        "baby",
        "vegetables",
        "yukon",
        "produce",
        "potatoes"
      ],
      "upc": null,
      "processed_at": "2025-06-25T12:36:12.970720"
    },
    {
      "sku": "BALDOR_CAR10",
      "supplier_sku": "CAR10",
      "name": "LARGE CARROTS 10 LBS",
      "category": "Produce/Vegetables/Root Vegetables",
      "brand": "Baldor",
      "supplier_id": "BALD001",
      "supplier_name": "Baldor Specialty Foods",
      "unit_size": "10 LBS CTN",
      "unit_type": "case",
      "wholesale_price": 13.0,
      "retail_price": 13.0,
      "retail_unit_type": "lb",
      "retail_unit_size": "1",
      "retail_pack_size": "1",
      "retail_price_per_unit": 1.3,
      "retail_display": "$1.30/lb",
      "is_organic": false,
      "is_gluten_free": true,
      "is_vegan": true,
      "is_kosher": false,
      "is_non_gmo": false,
      "is_local": false,
      "is_imported": false,
      "search_terms": [
        "carrots",
        "root vegetables",
        "lbs",
        "large",
        "vegetables",
        "produce"
      ],
      "upc": null,
      "processed_at": "2025-06-25T12:36:12.970726"
    },
    {
      "sku": "BALDOR_POT99",
      "supplier_sku": "POT99",
      "name": "POTATOES RUSSET NO 2 BAKERS BAGS 50 LB",
      "category": "Produce/Vegetables/Potatoes",
      "brand": "Baldor",
      "supplier_id": "BALD001",
      "supplier_name": "Baldor Specialty Foods",
      "unit_size": "50 LB CTN",
      "unit_type": "case",
      "wholesale_price": 19.0,
      "retail_price": 19.0,
      "retail_unit_type": "lb",
      "retail_unit_size": "1",
      "retail_pack_size": "1",
      "retail_price_per_unit": 0.38,
      "retail_display": "$0.38/lb",
      "is_organic": false,
      "is_gluten_free": true,
      "is_vegan": true,
      "is_kosher": false,
      "is_non_gmo": false,
      "is_local": false,
      "is_imported": false,
      "search_terms": [
        "bakers",
        "bags",
        "vegetables",
        "produce",
        "potatoes",
        "russet"
      ],
      "upc": null,
      "processed_at": "2025-06-25T12:36:12.970734"
    },
    {
      "sku": "BALDOR_POT990",
      "supplier_sku": "POT990",
      "name": "POTATO YUKON B XFCY 50 LB",
      "category": "Produce/Vegetables/Potatoes",
      "brand": "Baldor",
      "supplier_id": "BALD001",
      "supplier_name": "Baldor Specialty Foods",
      "unit_size": "50 LB CTN",
      "unit_type": "case",
      "wholesale_price": 34.75,
      "retail_price": 34.75,
      "retail_unit_type": "lb",
      "retail_unit_size": "1",
      "retail_pack_size": "1",
      "retail_price_per_unit": 0.69,
      "retail_display": "$0.69/lb",
      "is_organic": false,
      "is_gluten_free": true,
      "is_vegan": true,
      "is_kosher": false,
      "is_non_gmo": false,
      "is_local": false,
      "is_imported": false,
      "search_terms": [
        "potato",
        "xfcy",
        "vegetables",
        "yukon",
        "produce",
        "potatoes"
      ],
      "upc": null,
      "processed_at": "2025-06-25T12:36:12.970815"
    },
    {
      "sku": "BALDOR_CAR991D",
      "supplier_sku": "CAR991D",
      "name": "CARROT BABY MIXED COLOR 24 CT",
      "category": "Produce/Vegetables/Root Vegetables",
      "brand": "Baldor",
      "supplier_id": "BALD001",
      "supplier_name": "Baldor Specialty Foods",
      "unit_size": "24 CT CTN",
      "unit_type": "case",
      "wholesale_price": 42.75,
      "retail_price": 42.75,
      "retail_unit_type": "each",
      "retail_unit_size": "1",
      "retail_pack_size": "1",
      "retail_price_per_unit": 1.78,
      "retail_display": "$1.78/each",
      "is_organic": false,
      "is_gluten_free": true,
      "is_vegan": true,
      "is_kosher": false,
      "is_non_gmo": false,
      "is_local": false,
      "is_imported": false,
      "search_terms": [
        "root vegetables",
        "baby",
        "vegetables",
        "mixed",
        "color",
        "produce",
        "carrot"
      ],
      "upc": null,
      "processed_at": "2025-06-25T12:36:12.970823"
    },
    {
      "sku": "BALDOR_POT9901",
      "supplier_sku": "POT9901",
      "name": "POTATO YUKON A XFCY 50 LB",
      "category": "Produce/Vegetables/Potatoes",
      "brand": "Baldor",
      "supplier_id": "BALD001",
      "supplier_name": "Baldor Specialty Foods",
      "unit_size": "50 LB CTN",
      "unit_type": "case",
      "wholesale_price": 42.75,
      "retail_price": 42.75,
      "retail_unit_type": "lb",
      "retail_unit_size": "1",
      "retail_pack_size": "1",
      "retail_price_per_unit": 0.85,
      "retail_display": "$0.85/lb",
      "is_organic": false,
      "is_gluten_free": true,
      "is_vegan": true,
      "is_kosher": false,
      "is_non_gmo": false,
      "is_local": false,
      "is_imported": false,
      "search_terms": [
        "potato",
        "xfcy",
        "vegetables",
        "yukon",
        "produce",
        "potatoes"
      ],
      "upc": null,
      "processed_at": "2025-06-25T12:36:12.970830"
    },
    {
      "sku": "BALDOR_CAR992",
      "supplier_sku": "CAR992",
      "name": "CARROT RAINBOW 25 LB",
      "category": "Produce/Vegetables/Root Vegetables",
      "brand": "Baldor",
      "supplier_id": "BALD001",
      "supplier_name": "Baldor Specialty Foods",
      "unit_size": "25 LB CTN",
      "unit_type": "case",
      "wholesale_price": 38.5,
      "retail_price": 38.5,
      "retail_unit_type": "lb",
      "retail_unit_size": "1",
      "retail_pack_size": "1",
      "retail_price_per_unit": 1.54,
      "retail_display": "$1.54/lb",
      "is_organic": false,
      "is_gluten_free": true,
      "is_vegan": true,
      "is_kosher": false,
      "is_non_gmo": false,
      "is_local": false,
      "is_imported": false,
      "search_terms": [
        "root vegetables",
        "rainbow",
        "vegetables",
        "produce",
        "carrot"
      ],
      "upc": null,
      "processed_at": "2025-06-25T12:36:12.970836"
    },
    {
      "sku": "BALDOR_POT990A",
      "supplier_sku": "POT990A",
      "name": "POTATO YUKON CHEF 50 LB",
      "category": "Produce/Vegetables/Potatoes",
      "brand": "Baldor",
      "supplier_id": "BALD001",
      "supplier_name": "Baldor Specialty Foods",
      "unit_size": "50 LB CTN",
      "unit_type": "case",
      "wholesale_price": 24.5,
      "retail_price": 24.5,
      "retail_unit_type": "lb",
      "retail_unit_size": "1",
      "retail_pack_size": "1",
      "retail_price_per_unit": 0.49,
      "retail_display": "$0.49/lb",
      "is_organic": false,
      "is_gluten_free": true,
      "is_vegan": true,
      "is_kosher": false,
      "is_non_gmo": false,
      "is_local": false,
      "is_imported": false,
      "search_terms": [
        "potato",
        "chef",
        "vegetables",
        "yukon",
        "produce",
        "potatoes"
      ],
      "upc": null,
      "processed_at": "2025-06-25T12:36:12.970842"
    },
    {
      "sku": "BALDOR_CAR99A",
      "supplier_sku": "CAR99A",
      "name": "CARROT STICKS RTL 12 CT GRIMMWAY",
      "category": "Produce/Vegetables/Root Vegetables",
      "brand": "Baldor",
      "supplier_id": "BALD001",
      "supplier_name": "Baldor Specialty Foods",
      "unit_size": "12 CT CTN",
      "unit_type": "case",
      "wholesale_price": 25.25,
      "retail_price": 25.25,
      "retail_unit_type": "each",
      "retail_unit_size": "1",
      "retail_pack_size": "1",
      "retail_price_per_unit": 2.1,
      "retail_display": "$2.10/each",
      "is_organic": false,
      "is_gluten_free": true,
      "is_vegan": true,
      "is_kosher": false,
      "is_non_gmo": false,
      "is_local": false,
      "is_imported": false,
      "search_terms": [
        "root vegetables",
        "vegetables",
        "grimmway",
        "rtl",
        "produce",
        "sticks",
        "carrot"
      ],
      "upc": null,
      "processed_at": "2025-06-25T12:36:12.970851"
    },
    {
      "sku": "BALDOR_POT991C",
      "supplier_sku": "POT991C",
      "name": "POTATO YUKON 10X5 LB",
      "category": "Produce/Vegetables/Potatoes",
      "brand": "Baldor",
      "supplier_id": "BALD001",
      "supplier_name": "Baldor Specialty Foods",
      "unit_size": "5 LB CTN",
      "unit_type": "case",
      "wholesale_price": 32.5,
      "retail_price": 32.5,
      "retail_unit_type": "lb",
      "retail_unit_size": "1",
      "retail_pack_size": "1",
      "retail_price_per_unit": 6.5,
      "retail_display": "$6.50/lb",
      "is_organic": false,
      "is_gluten_free": true,
      "is_vegan": true,
      "is_kosher": false,
      "is_non_gmo": false,
      "is_local": false,
      "is_imported": false,
      "search_terms": [
        "potato",
        "vegetables",
        "yukon",
        "10x5",
        "produce",
        "potatoes"
      ],
      "upc": null,
      "processed_at": "2025-06-25T12:36:12.970857"
    },
    {
      "sku": "BALDOR_CAU",
      "supplier_sku": "CAU",
      "name": "CAULIFLOWER 12 CT",
      "category": "Produce/Other",
      "brand": "Baldor",
      "supplier_id": "BALD001",
      "supplier_name": "Baldor Specialty Foods",
      "unit_size": "12 CT CTN",
      "unit_type": "case",
      "wholesale_price": 27.25,
      "retail_price": 27.25,
      "retail_unit_type": "each",
      "retail_unit_size": "1",
      "retail_pack_size": "1",
      "retail_price_per_unit": 2.27,
      "retail_display": "$2.27/each",
      "is_organic": false,
      "is_gluten_free": true,
      "is_vegan": true,
      "is_kosher": false,
      "is_non_gmo": false,
      "is_local": false,
      "is_imported": false,
      "search_terms": [
        "produce",
        "cauliflower",
        "other"
      ],
      "upc": null,
      "processed_at": "2025-06-25T12:36:12.970865"
    },
    {
      "sku": "BALDOR_POT993C",
      "supplier_sku": "POT993C",
      "name": "POTATO SWEET OKINAWA 30 LB",
      "category": "Produce/Vegetables/Potatoes",
      "brand": "Baldor",
      "supplier_id": "BALD001",
      "supplier_name": "Baldor Specialty Foods",
      "unit_size": "30 LB CTN",
      "unit_type": "case",
      "wholesale_price": 74.0,
      "retail_price": 74.0,
      "retail_unit_type": "lb",
      "retail_unit_size": "1",
      "retail_pack_size": "1",
      "retail_price_per_unit": 2.47,
      "retail_display": "$2.47/lb",
      "is_organic": false,
      "is_gluten_free": true,
      "is_vegan": true,
      "is_kosher": false,
      "is_non_gmo": false,
      "is_local": false,
      "is_imported": false,
      "search_terms": [
        "potato",
        "vegetables",
        "produce",
        "potatoes",
        "sweet",
        "okinawa"
      ],
      "upc": null,
      "processed_at": "2025-06-25T12:36:12.970871"
    },
    {
      "sku": "BALDOR_CAU016",
      "supplier_sku": "CAU016",
      "name": "CAULIFOWER 16 CT",
      "category": "Produce/Other",
      "brand": "Baldor",
      "supplier_id": "BALD001",
      "supplier_name": "Baldor Specialty Foods",
      "unit_size": "16 CT CTN",
      "unit_type": "case",
      "wholesale_price": 27.25,
      "retail_price": 27.25,
      "retail_unit_type": "each",
      "retail_unit_size": "1",
      "retail_pack_size": "1",
      "retail_price_per_unit": 1.7,
      "retail_display": "$1.70/each",
      "is_organic": false,
      "is_gluten_free": true,
      "is_vegan": true,
      "is_kosher": false,
      "is_non_gmo": false,
      "is_local": false,
      "is_imported": false,
      "search_terms": [
        "produce",
        "caulifower",
        "other"
      ],
      "upc": null,
      "processed_at": "2025-06-25T12:36:12.970879"
    },
    {
      "sku": "BALDOR_CAU2E",
      "supplier_sku": "CAU2E",
      "name": "CAULIFLOWER STEAK 16 CT",
      "category": "Produce/Other",
      "brand": "Baldor",
      "supplier_id": "BALD001",
      "supplier_name": "Baldor Specialty Foods",
      "unit_size": "16 CT CTN",
      "unit_type": "case",
      "wholesale_price": 79.5,
      "retail_price": 79.5,
      "retail_unit_type": "each",
      "retail_unit_size": "1",
      "retail_pack_size": "1",
      "retail_price_per_unit": 4.97,
      "retail_display": "$4.97/each",
      "is_organic": false,
      "is_gluten_free": true,
      "is_vegan": true,
      "is_kosher": false,
      "is_non_gmo": false,
      "is_local": false,
      "is_imported": false,
      "search_terms": [
        "steak",
        "produce",
        "cauliflower",
        "other"
      ],
      "upc": null,
      "processed_at": "2025-06-25T12:36:12.970888"
    },
    {
      "sku": "BALDOR_RA20",
      "supplier_sku": "RA20",
      "name": "RADISH PURPLE NINJA 24 CT",
      "category": "Produce/Other",
      "brand": "Baldor",
      "supplier_id": "BALD001",
      "supplier_name": "Baldor Specialty Foods",
      "unit_size": "24 CT CTN",
      "unit_type": "case",
      "wholesale_price": 49.0,
      "retail_price": 49.0,
      "retail_unit_type": "each",
      "retail_unit_size": "1",
      "retail_pack_size": "1",
      "retail_price_per_unit": 2.04,
      "retail_display": "$2.04/each",
      "is_organic": false,
      "is_gluten_free": true,
      "is_vegan": true,
      "is_kosher": false,
      "is_non_gmo": false,
      "is_local": false,
      "is_imported": false,
      "search_terms": [
        "other",
        "radish",
        "produce",
        "ninja",
        "purple"
      ],
      "upc": null,
      "processed_at": "2025-06-25T12:36:12.970897"
    },
    {
      "sku": "BALDOR_CAU2P",
      "supplier_sku": "CAU2P",
      "name": "PERO FAMILY FARMS CAULIFLOWER FLORETS 6 X 10 OZ",
      "category": "Produce/Other",
      "brand": "Baldor",
      "supplier_id": "BALD001",
      "supplier_name": "Baldor Specialty Foods",
      "unit_size": "6 X 10 OZ CTN",
      "unit_type": "case",
      "wholesale_price": 20.75,
      "retail_price": 20.75,
      "retail_unit_type": "oz",
      "retail_unit_size": "1",
      "retail_pack_size": "1",
      "retail_price_per_unit": 2.08,
      "retail_display": "$2.08/oz",
      "is_organic": false,
      "is_gluten_free": true,
      "is_vegan": true,
      "is_kosher": false,
      "is_non_gmo": false,
      "is_local": false,
      "is_imported": false,
      "search_terms": [
        "pero",
        "farms",
        "other",
        "family",
        "florets",
        "produce",
        "cauliflower"
      ],
      "upc": null,
      "processed_at": "2025-06-25T12:36:12.970907"
    },
    {
      "sku": "BALDOR_RA4",
      "supplier_sku": "RA4",
      "name": "RADISH BUNCHED 24 CT",
      "category": "Produce/Other",
      "brand": "Baldor",
      "supplier_id": "BALD001",
      "supplier_name": "Baldor Specialty Foods",
      "unit_size": "24 CT CTN",
      "unit_type": "case",
      "wholesale_price": 29.5,
      "retail_price": 29.5,
      "retail_unit_type": "each",
      "retail_unit_size": "1",
      "retail_pack_size": "1",
      "retail_price_per_unit": 1.23,
      "retail_display": "$1.23/each",
      "is_organic": false,
      "is_gluten_free": true,
      "is_vegan": true,
      "is_kosher": false,
      "is_non_gmo": false,
      "is_local": false,
      "is_imported": false,
      "search_terms": [
        "other",
        "bunched",
        "produce",
        "radish"
      ],
      "upc": null,
      "processed_at": "2025-06-25T12:36:12.970914"
    },
    {
      "sku": "BALDOR_CAU3",
      "supplier_sku": "CAU3",
      "name": "CAULIFLOWER ORANGE 9-12 CT",
      "category": "Produce/Fruit/Citrus",
      "brand": "Baldor",
      "supplier_id": "BALD001",
      "supplier_name": "Baldor Specialty Foods",
      "unit_size": "9/12 CT CTN",
      "unit_type": "case",
      "wholesale_price": 48.75,
      "retail_price": 48.75,
      "retail_unit_type": "each",
      "retail_unit_size": "1",
      "retail_pack_size": "1",
      "retail_price_per_unit": 4.06,
      "retail_display": "$4.06/each",
      "is_organic": false,
      "is_gluten_free": true,
      "is_vegan": true,
      "is_kosher": false,
      "is_non_gmo": false,
      "is_local": false,
      "is_imported": false,
      "search_terms": [
        "citrus",
        "fruit",
        "produce",
        "orange",
        "cauliflower"
      ],
      "upc": null,
      "processed_at": "2025-06-25T12:36:12.970927"
    },
    {
      "sku": "BALDOR_RA5",
      "supplier_sku": "RA5",
      "name": "RADISH FRENCH BREAKFAST 24 CT",
      "category": "Produce/Other",
      "brand": "Baldor",
      "supplier_id": "BALD001",
      "supplier_name": "Baldor Specialty Foods",
      "unit_size": "24 CT CTN",
      "unit_type": "case",
      "wholesale_price": 49.0,
      "retail_price": 49.0,
      "retail_unit_type": "each",
      "retail_unit_size": "1",
      "retail_pack_size": "1",
      "retail_price_per_unit": 2.04,
      "retail_display": "$2.04/each",
      "is_organic": false,
      "is_gluten_free": true,
      "is_vegan": true,
      "is_kosher": false,
      "is_non_gmo": false,
      "is_local": false,
      "is_imported": false,
      "search_terms": [
        "other",
        "radish",
        "produce",
        "french",
        "breakfast"
      ],
      "upc": null,
      "processed_at": "2025-06-25T12:36:12.970935"
    },
    {
      "sku": "BALDOR_CAU4",
      "supplier_sku": "CAU4",
      "name": "CAULIFLOWER ROMANESCO 9-12 CT",
      "category": "Produce/Other",
      "brand": "Baldor",
      "supplier_id": "BALD001",
      "supplier_name": "Baldor Specialty Foods",
      "unit_size": "9-12 CT CTN",
      "unit_type": "case",
      "wholesale_price": 48.75,
      "retail_price": 48.75,
      "retail_unit_type": "each",
      "retail_unit_size": "1",
      "retail_pack_size": "1",
      "retail_price_per_unit": 4.06,
      "retail_display": "$4.06/each",
      "is_organic": false,
      "is_gluten_free": true,
      "is_vegan": true,
      "is_kosher": false,
      "is_non_gmo": false,
      "is_local": false,
      "is_imported": false,
      "search_terms": [
        "produce",
        "cauliflower",
        "other",
        "romanesco"
      ],
      "upc": null,
      "processed_at": "2025-06-25T12:36:12.970944"
    },
    {
      "sku": "BALDOR_RA9",
      "supplier_sku": "RA9",
      "name": "RADISH WATERMELON 10 LB",
      "category": "Produce/Fruit/Melons",
      "brand": "Baldor",
      "supplier_id": "BALD001",
      "supplier_name": "Baldor Specialty Foods",
      "unit_size": "10 LB CTN",
      "unit_type": "case",
      "wholesale_price": 32.0,
      "retail_price": 32.0,
      "retail_unit_type": "lb",
      "retail_unit_size": "1",
      "retail_pack_size": "1",
      "retail_price_per_unit": 3.2,
      "retail_display": "$3.20/lb",
      "is_organic": false,
      "is_gluten_free": true,
      "is_vegan": true,
      "is_kosher": false,
      "is_non_gmo": false,
      "is_local": false,
      "is_imported": false,
      "search_terms": [
        "melons",
        "watermelon",
        "fruit",
        "radish",
        "produce"
      ],
      "upc": null,
      "processed_at": "2025-06-25T12:36:12.970951"
    },
    {
      "sku": "BALDOR_CAU5",
      "supplier_sku": "CAU5",
      "name": "CAULIFLOWER PURPLE 9-12 CT",
      "category": "Produce/Other",
      "brand": "Baldor",
      "supplier_id": "BALD001",
      "supplier_name": "Baldor Specialty Foods",
      "unit_size": "9-12 CT CTN",
      "unit_type": "case",
      "wholesale_price": 48.75,
      "retail_price": 48.75,
      "retail_unit_type": "each",
      "retail_unit_size": "1",
      "retail_pack_size": "1",
      "retail_price_per_unit": 4.06,
      "retail_display": "$4.06/each",
      "is_organic": false,
      "is_gluten_free": true,
      "is_vegan": true,
      "is_kosher": false,
      "is_non_gmo": false,
      "is_local": false,
      "is_imported": false,
      "search_terms": [
        "produce",
        "cauliflower",
        "purple",
        "other"
      ],
      "upc": null,
      "processed_at": "2025-06-25T12:36:12.970959"
    },
    {
      "sku": "BALDOR_RA9B",
      "supplier_sku": "RA9B",
      "name": "RADISH CELLO 14X1 LB",
      "category": "Produce/Other",
      "brand": "Baldor",
      "supplier_id": "BALD001",
      "supplier_name": "Baldor Specialty Foods",
      "unit_size": "1 LB CTN",
      "unit_type": "case",
      "wholesale_price": 21.25,
      "retail_price": 21.25,
      "retail_unit_type": "lb",
      "retail_unit_size": "1",
      "retail_pack_size": "1",
      "retail_price_per_unit": 21.25,
      "retail_display": "$21.25/lb",
      "is_organic": false,
      "is_gluten_free": true,
      "is_vegan": true,
      "is_kosher": false,
      "is_non_gmo": false,
      "is_local": false,
      "is_imported": false,
      "search_terms": [
        "cello",
        "other",
        "radish",
        "produce",
        "14x1"
      ],
      "upc": null,
      "processed_at": "2025-06-25T12:36:12.970967"
    },
    {
      "sku": "BALDOR_CAU7",
      "supplier_sku": "CAU7",
      "name": "CAULIFLOWER TRI COLOR 6 CT SALAD SAVOY",
      "category": "Produce/Other",
      "brand": "Baldor",
      "supplier_id": "BALD001",
      "supplier_name": "Baldor Specialty Foods",
      "unit_size": "6 CT CTN",
      "unit_type": "case",
      "wholesale_price": 36.0,
      "retail_price": 36.0,
      "retail_unit_type": "each",
      "retail_unit_size": "1",
      "retail_pack_size": "1",
      "retail_price_per_unit": 6.0,
      "retail_display": "$6.00/each",
      "is_organic": false,
      "is_gluten_free": true,
      "is_vegan": true,
      "is_kosher": false,
      "is_non_gmo": false,
      "is_local": false,
      "is_imported": false,
      "search_terms": [
        "savoy",
        "salad",
        "tri",
        "other",
        "color",
        "produce",
        "cauliflower"
      ],
      "upc": null,
      "processed_at": "2025-06-25T12:36:12.970976"
    },
    {
      "sku": "BALDOR_CAULILINI",
      "supplier_sku": "CAULILINI",
      "name": "CAULILINI SWEET STEM 3X2 LB MANN",
      "category": "Produce/Other",
      "brand": "Baldor",
      "supplier_id": "BALD001",
      "supplier_name": "Baldor Specialty Foods",
      "unit_size": "2 LB CTN",
      "unit_type": "case",
      "wholesale_price": 32.5,
      "retail_price": 32.5,
      "retail_unit_type": "lb",
      "retail_unit_size": "1",
      "retail_pack_size": "1",
      "retail_price_per_unit": 16.25,
      "retail_display": "$16.25/lb",
      "is_organic": false,
      "is_gluten_free": true,
      "is_vegan": true,
      "is_kosher": false,
      "is_non_gmo": false,
      "is_local": false,
      "is_imported": false,
      "search_terms": [
        "mann",
        "3x2",
        "caulilini",
        "other",
        "produce",
        "stem",
        "sweet"
      ],
      "upc": null,
      "processed_at": "2025-06-25T12:36:12.970985"
    },
    {
      "sku": "BALDOR_FLORENTINOAB",
      "supplier_sku": "FLORENTINOAB",
      "name": "FLORENTINO 18 CT ANDY BOY",
      "category": "Produce/Other",
      "brand": "Baldor",
      "supplier_id": "BALD001",
      "supplier_name": "Baldor Specialty Foods",
      "unit_size": "18 CT CTN",
      "unit_type": "case",
      "wholesale_price": 42.25,
      "retail_price": 42.25,
      "retail_unit_type": "each",
      "retail_unit_size": "1",
      "retail_pack_size": "1",
      "retail_price_per_unit": 2.35,
      "retail_display": "$2.35/each",
      "is_organic": false,
      "is_gluten_free": true,
      "is_vegan": true,
      "is_kosher": false,
      "is_non_gmo": false,
      "is_local": false,
      "is_imported": false,
      "search_terms": [
        "andy",
        "other",
        "produce",
        "boy",
        "florentino"
      ],
      "upc": null,
      "processed_at": "2025-06-25T12:36:12.970994"
    },
    {
      "sku": "BALDOR_BEE2",
      "supplier_sku": "BEE2",
      "name": "BEETS RED BABY 24 CT",
      "category": "Produce/Other",
      "brand": "Baldor",
      "supplier_id": "BALD001",
      "supplier_name": "Baldor Specialty Foods",
      "unit_size": "24 CT CTN",
      "unit_type": "case",
      "wholesale_price": 48.75,
      "retail_price": 48.75,
      "retail_unit_type": "each",
      "retail_unit_size": "1",
      "retail_pack_size": "1",
      "retail_price_per_unit": 2.03,
      "retail_display": "$2.03/each",
      "is_organic": false,
      "is_gluten_free": true,
      "is_vegan": true,
      "is_kosher": false,
      "is_non_gmo": false,
      "is_local": false,
      "is_imported": false,
      "search_terms": [
        "baby",
        "other",
        "red",
        "produce",
        "beets"
      ],
      "upc": null,
      "processed_at": "2025-06-25T12:36:12.971002"
    },
    {
      "sku": "BALDOR_CE",
      "supplier_sku": "CE",
      "name": "CELERY 24 CT",
      "category": "Produce/Other",
      "brand": "Baldor",
      "supplier_id": "BALD001",
      "supplier_name": "Baldor Specialty Foods",
      "unit_size": "24 CT CTN",
      "unit_type": "case",
      "wholesale_price": 31.5,
      "retail_price": 31.5,
      "retail_unit_type": "each",
      "retail_unit_size": "1",
      "retail_pack_size": "1",
      "retail_price_per_unit": 1.31,
      "retail_display": "$1.31/each",
      "is_organic": false,
      "is_gluten_free": true,
      "is_vegan": true,
      "is_kosher": false,
      "is_non_gmo": false,
      "is_local": false,
      "is_imported": false,
      "search_terms": [
        "celery",
        "produce",
        "other"
      ],
      "upc": null,
      "processed_at": "2025-06-25T12:36:12.971009"
    },
    {
      "sku": "BALDOR_BEE20",
      "supplier_sku": "BEE20",
      "name": "BEETS BABY MIXED COLOR 24 CT",
      "category": "Produce/Other",
      "brand": "Baldor",
      "supplier_id": "BALD001",
      "supplier_name": "Baldor Specialty Foods",
      "unit_size": "24 CT CTN",
      "unit_type": "case",
      "wholesale_price": 48.75,
      "retail_price": 48.75,
      "retail_unit_type": "each",
      "retail_unit_size": "1",
      "retail_pack_size": "1",
      "retail_price_per_unit": 2.03,
      "retail_display": "$2.03/each",
      "is_organic": false,
      "is_gluten_free": true,
      "is_vegan": true,
      "is_kosher": false,
      "is_non_gmo": false,
      "is_local": false,
      "is_imported": false,
      "search_terms": [
        "baby",
        "mixed",
        "other",
        "color",
        "produce",
        "beets"
      ],
      "upc": null,
      "processed_at": "2025-06-25T12:36:12.971017"
    },
    {
      "sku": "BALDOR_CE10",
      "supplier_sku": "CE10",
      "name": "CELERY SLEEVED 30 CT",
      "category": "Produce/Other",
      "brand": "Baldor",
      "supplier_id": "BALD001",
      "supplier_name": "Baldor Specialty Foods",
      "unit_size": "30 CT CTN",
      "unit_type": "case",
      "wholesale_price": 36.0,
      "retail_price": 36.0,
      "retail_unit_type": "each",
      "retail_unit_size": "1",
      "retail_pack_size": "1",
      "retail_price_per_unit": 1.2,
      "retail_display": "$1.20/each",
      "is_organic": false,
      "is_gluten_free": true,
      "is_vegan": true,
      "is_kosher": false,
      "is_non_gmo": false,
      "is_local": false,
      "is_imported": false,
      "search_terms": [
        "celery",
        "sleeved",
        "produce",
        "other"
      ],
      "upc": null,
      "processed_at": "2025-06-25T12:36:12.971026"
    },
    {
      "sku": "BALDOR_BEE21B",
      "supplier_sku": "BEE21B",
      "name": "BEETS COOKED READY TO EAT 12X500 GR",
      "category": "Produce/Other",
      "brand": "Baldor",
      "supplier_id": "BALD001",
      "supplier_name": "Baldor Specialty Foods",
      "unit_size": "500 GR CTN",
      "unit_type": "case",
      "wholesale_price": 39.0,
      "retail_price": 39.0,
      "retail_unit_type": "case",
      "retail_unit_size": "500 GR CTN",
      "retail_pack_size": "1",
      "retail_price_per_unit": 39.0,
      "retail_display": "$39.00/case",
      "is_organic": false,
      "is_gluten_free": true,
      "is_vegan": true,
      "is_kosher": false,
      "is_non_gmo": false,
      "is_local": false,
      "is_imported": false,
      "search_terms": [
        "ready",
        "other",
        "12x500",
        "produce",
        "eat",
        "cooked",
        "beets"
      ],
      "upc": null,
      "processed_at": "2025-06-25T12:36:12.971037"
    },
    {
      "sku": "BALDOR_CE2",
      "supplier_sku": "CE2",
      "name": "CELERY KNOB ROOT 20 LB",
      "category": "Produce/Other",
      "brand": "Baldor",
      "supplier_id": "BALD001",
      "supplier_name": "Baldor Specialty Foods",
      "unit_size": "20 LB CTN",
      "unit_type": "case",
      "wholesale_price": 25.5,
      "retail_price": 25.5,
      "retail_unit_type": "lb",
      "retail_unit_size": "1",
      "retail_pack_size": "1",
      "retail_price_per_unit": 1.27,
      "retail_display": "$1.27/lb",
      "is_organic": false,
      "is_gluten_free": true,
      "is_vegan": true,
      "is_kosher": false,
      "is_non_gmo": false,
      "is_local": false,
      "is_imported": false,
      "search_terms": [
        "other",
        "celery",
        "produce",
        "knob",
        "root"
      ],
      "upc": null,
      "processed_at": "2025-06-25T12:36:12.971045"
    },
    {
      "sku": "BALDOR_BEE3",
      "supplier_sku": "BEE3",
      "name": "BEETS RED LARGE 25 LB",
      "category": "Produce/Other",
      "brand": "Baldor",
      "supplier_id": "BALD001",
      "supplier_name": "Baldor Specialty Foods",
      "unit_size": "25 LB CTN",
      "unit_type": "case",
      "wholesale_price": 15.5,
      "retail_price": 15.5,
      "retail_unit_type": "lb",
      "retail_unit_size": "1",
      "retail_pack_size": "1",
      "retail_price_per_unit": 0.62,
      "retail_display": "$0.62/lb",
      "is_organic": false,
      "is_gluten_free": true,
      "is_vegan": true,
      "is_kosher": false,
      "is_non_gmo": false,
      "is_local": false,
      "is_imported": false,
      "search_terms": [
        "large",
        "other",
        "red",
        "produce",
        "beets"
      ],
      "upc": null,
      "processed_at": "2025-06-25T12:36:12.971052"
    },
    {
      "sku": "BALDOR_CE6",
      "supplier_sku": "CE6",
      "name": "CELERY HEARTS 18X2 CT",
      "category": "Produce/Other",
      "brand": "Baldor",
      "supplier_id": "BALD001",
      "supplier_name": "Baldor Specialty Foods",
      "unit_size": "2 CT CTN",
      "unit_type": "case",
      "wholesale_price": 37.0,
      "retail_price": 37.0,
      "retail_unit_type": "each",
      "retail_unit_size": "1",
      "retail_pack_size": "1",
      "retail_price_per_unit": 18.5,
      "retail_display": "$18.50/each",
      "is_organic": false,
      "is_gluten_free": true,
      "is_vegan": true,
      "is_kosher": false,
      "is_non_gmo": false,
      "is_local": false,
      "is_imported": false,
      "search_terms": [
        "18x2",
        "other",
        "celery",
        "produce",
        "hearts"
      ],
      "upc": null,
      "processed_at": "2025-06-25T12:36:12.971060"
    },
    {
      "sku": "BALDOR_BEE3A",
      "supplier_sku": "BEE3A",
      "name": "BEETS RED JUMBO 25 LB",
      "category": "Produce/Other",
      "brand": "Baldor",
      "supplier_id": "BALD001",
      "supplier_name": "Baldor Specialty Foods",
      "unit_size": "25 LB CTN",
      "unit_type": "case",
      "wholesale_price": 20.25,
      "retail_price": 20.25,
      "retail_unit_type": "lb",
      "retail_unit_size": "1",
      "retail_pack_size": "1",
      "retail_price_per_unit": 0.81,
      "retail_display": "$0.81/lb",
      "is_organic": false,
      "is_gluten_free": true,
      "is_vegan": true,
      "is_kosher": false,
      "is_non_gmo": false,
      "is_local": false,
      "is_imported": false,
      "search_terms": [
        "other",
        "red",
        "produce",
        "beets",
        "jumbo"
      ],
      "upc": null,
      "processed_at": "2025-06-25T12:36:12.971068"
    },
    {
      "sku": "BALDOR_BEE4A",
      "supplier_sku": "BEE4A",
      "name": "BEETS GOLD LG 22 LB",
      "category": "Produce/Other",
      "brand": "Baldor",
      "supplier_id": "BALD001",
      "supplier_name": "Baldor Specialty Foods",
      "unit_size": "22 LB CTN",
      "unit_type": "case",
      "wholesale_price": 28.25,
      "retail_price": 28.25,
      "retail_unit_type": "lb",
      "retail_unit_size": "1",
      "retail_pack_size": "1",
      "retail_price_per_unit": 1.28,
      "retail_display": "$1.28/lb",
      "is_organic": false,
      "is_gluten_free": true,
      "is_vegan": true,
      "is_kosher": false,
      "is_non_gmo": false,
      "is_local": false,
      "is_imported": false,
      "search_terms": [
        "produce",
        "gold",
        "other",
        "beets"
      ],
      "upc": null,
      "processed_at": "2025-06-25T12:36:12.971075"
    },
    {
      "sku": "BALDOR_DAN",
      "supplier_sku": "DAN",
      "name": "DANDELION 12 CT",
      "category": "Produce/Other",
      "brand": "Baldor",
      "supplier_id": "BALD001",
      "supplier_name": "Baldor Specialty Foods",
      "unit_size": "12 CT CTN",
      "unit_type": "case",
      "wholesale_price": 30.5,
      "retail_price": 30.5,
      "retail_unit_type": "each",
      "retail_unit_size": "1",
      "retail_pack_size": "1",
      "retail_price_per_unit": 2.54,
      "retail_display": "$2.54/each",
      "is_organic": false,
      "is_gluten_free": true,
      "is_vegan": true,
      "is_kosher": false,
      "is_non_gmo": false,
      "is_local": false,
      "is_imported": false,
      "search_terms": [
        "produce",
        "other",
        "dandelion"
      ],
      "upc": null,
      "processed_at": "2025-06-25T12:36:12.971083"
    },
    {
      "sku": "BALDOR_BEE6",
      "supplier_sku": "BEE6",
      "name": "BEETS RED BUNCHED WITH TOPS 12 CT",
      "category": "Produce/Other",
      "brand": "Baldor",
      "supplier_id": "BALD001",
      "supplier_name": "Baldor Specialty Foods",
      "unit_size": "12 CT CTN",
      "unit_type": "case",
      "wholesale_price": 31.75,
      "retail_price": 31.75,
      "retail_unit_type": "each",
      "retail_unit_size": "1",
      "retail_pack_size": "1",
      "retail_price_per_unit": 2.65,
      "retail_display": "$2.65/each",
      "is_organic": false,
      "is_gluten_free": true,
      "is_vegan": true,
      "is_kosher": false,
      "is_non_gmo": false,
      "is_local": false,
      "is_imported": false,
      "search_terms": [
        "tops",
        "other",
        "red",
        "produce",
        "bunched",
        "beets"
      ],
      "upc": null,
      "processed_at": "2025-06-25T12:36:12.971092"
    },
    {
      "sku": "BALDOR_DAN3AA",
      "supplier_sku": "DAN3AA",
      "name": "ITALIAN CIMATA PUNTARELLA 11 LB",
      "category": "Produce/Other",
      "brand": "Baldor",
      "supplier_id": "BALD001",
      "supplier_name": "Baldor Specialty Foods",
      "unit_size": "11 LB CTN",
      "unit_type": "case",
      "wholesale_price": 96.25,
      "retail_price": 96.25,
      "retail_unit_type": "lb",
      "retail_unit_size": "1",
      "retail_pack_size": "1",
      "retail_price_per_unit": 8.75,
      "retail_display": "$8.75/lb",
      "is_organic": false,
      "is_gluten_free": true,
      "is_vegan": true,
      "is_kosher": false,
      "is_non_gmo": false,
      "is_local": false,
      "is_imported": false,
      "search_terms": [
        "cimata",
        "italian",
        "other",
        "puntarella",
        "produce"
      ],
      "upc": null,
      "processed_at": "2025-06-25T12:36:12.971100"
    },
    {
      "sku": "BALDOR_BEE7A",
      "supplier_sku": "BEE7A",
      "name": "BEETS CANDY CANE LARGE 25 LB",
      "category": "Produce/Other",
      "brand": "Baldor",
      "supplier_id": "BALD001",
      "supplier_name": "Baldor Specialty Foods",
      "unit_size": "25 LB CTN",
      "unit_type": "case",
      "wholesale_price": 33.75,
      "retail_price": 33.75,
      "retail_unit_type": "lb",
      "retail_unit_size": "1",
      "retail_pack_size": "1",
      "retail_price_per_unit": 1.35,
      "retail_display": "$1.35/lb",
      "is_organic": false,
      "is_gluten_free": true,
      "is_vegan": true,
      "is_kosher": false,
      "is_non_gmo": false,
      "is_local": false,
      "is_imported": false,
      "search_terms": [
        "large",
        "cane",
        "candy",
        "other",
        "produce",
        "beets"
      ],
      "upc": null,
      "processed_at": "2025-06-25T12:36:12.971107"
    },
    {
      "sku": "BALDOR_EN",
      "supplier_sku": "EN",
      "name": "ENDIVE BELGIAN 10 LB",
      "category": "Produce/Other",
      "brand": "Baldor",
      "supplier_id": "BALD001",
      "supplier_name": "Baldor Specialty Foods",
      "unit_size": "10 LB CTN",
      "unit_type": "case",
      "wholesale_price": 34.75,
      "retail_price": 34.75,
      "retail_unit_type": "lb",
      "retail_unit_size": "1",
      "retail_pack_size": "1",
      "retail_price_per_unit": 3.48,
      "retail_display": "$3.48/lb",
      "is_organic": false,
      "is_gluten_free": true,
      "is_vegan": true,
      "is_kosher": false,
      "is_non_gmo": false,
      "is_local": false,
      "is_imported": false,
      "search_terms": [
        "belgian",
        "produce",
        "endive",
        "other"
      ],
      "upc": null,
      "processed_at": "2025-06-25T12:36:12.971114"
    },
    {
      "sku": "BALDOR_EN1",
      "supplier_sku": "EN1",
      "name": "RED ENDIVE 6.6 LB",
      "category": "Produce/Other",
      "brand": "Baldor",
      "supplier_id": "BALD001",
      "supplier_name": "Baldor Specialty Foods",
      "unit_size": "6.6 LB CTN",
      "unit_type": "case",
      "wholesale_price": 48.75,
      "retail_price": 48.75,
      "retail_unit_type": "lb",
      "retail_unit_size": "1",
      "retail_pack_size": "1",
      "retail_price_per_unit": 7.39,
      "retail_display": "$7.39/lb",
      "is_organic": false,
      "is_gluten_free": true,
      "is_vegan": true,
      "is_kosher": false,
      "is_non_gmo": false,
      "is_local": false,
      "is_imported": false,
      "search_terms": [
        "other",
        "red",
        "produce",
        "endive",
        "6.6"
      ],
      "upc": null,
      "processed_at": "2025-06-25T12:36:12.971121"
    },
    {
      "sku": "BALDOR_EN1B",
      "supplier_sku": "EN1B",
      "name": "RETAIL WHITE BELGIAN ENDIVE 12 X 3 CT",
      "category": "Produce/Other",
      "brand": "Baldor",
      "supplier_id": "BALD001",
      "supplier_name": "Baldor Specialty Foods",
      "unit_size": "12 X 3 CT CTN",
      "unit_type": "case",
      "wholesale_price": 55.25,
      "retail_price": 55.25,
      "retail_unit_type": "each",
      "retail_unit_size": "1",
      "retail_pack_size": "1",
      "retail_price_per_unit": 18.42,
      "retail_display": "$18.42/each",
      "is_organic": false,
      "is_gluten_free": true,
      "is_vegan": true,
      "is_kosher": false,
      "is_non_gmo": false,
      "is_local": false,
      "is_imported": false,
      "search_terms": [
        "belgian",
        "white",
        "other",
        "produce",
        "endive",
        "retail"
      ],
      "upc": null,
      "processed_at": "2025-06-25T12:36:12.971131"
    },
    {
      "sku": "BALDOR_PAR",
      "supplier_sku": "PAR",
      "name": "PARSNIPS XFCY 20 LB",
      "category": "Produce/Other",
      "brand": "Baldor",
      "supplier_id": "BALD001",
      "supplier_name": "Baldor Specialty Foods",
      "unit_size": "20 LB CTN",
      "unit_type": "case",
      "wholesale_price": 25.5,
      "retail_price": 25.5,
      "retail_unit_type": "lb",
      "retail_unit_size": "1",
      "retail_pack_size": "1",
      "retail_price_per_unit": 1.27,
      "retail_display": "$1.27/lb",
      "is_organic": false,
      "is_gluten_free": true,
      "is_vegan": true,
      "is_kosher": false,
      "is_non_gmo": false,
      "is_local": false,
      "is_imported": false,
      "search_terms": [
        "xfcy",
        "produce",
        "other",
        "parsnips"
      ],
      "upc": null,
      "processed_at": "2025-06-25T12:36:12.971138"
    },
    {
      "sku": "BALDOR_FR2A",
      "supplier_sku": "FR2A",
      "name": "FRISELINE 5.5 LB",
      "category": "Produce/Other",
      "brand": "Baldor",
      "supplier_id": "BALD001",
      "supplier_name": "Baldor Specialty Foods",
      "unit_size": "5.5 LN CTN",
      "unit_type": "case",
      "wholesale_price": 56.25,
      "retail_price": 56.25,
      "retail_unit_type": "case",
      "retail_unit_size": "5.5 LN CTN",
      "retail_pack_size": "1",
      "retail_price_per_unit": 56.25,
      "retail_display": "$56.25/case",
      "is_organic": false,
      "is_gluten_free": true,
      "is_vegan": true,
      "is_kosher": false,
      "is_non_gmo": false,
      "is_local": false,
      "is_imported": false,
      "search_terms": [
        "produce",
        "5.5",
        "friseline",
        "other"
      ],
      "upc": null,
      "processed_at": "2025-06-25T12:36:12.971146"
    },
    {
      "sku": "BALDOR_PAR5",
      "supplier_sku": "PAR5",
      "name": "PARSNIPS CELLO 12X1 LB",
      "category": "Produce/Other",
      "brand": "Baldor",
      "supplier_id": "BALD001",
      "supplier_name": "Baldor Specialty Foods",
      "unit_size": "1 LB CTN",
      "unit_type": "case",
      "wholesale_price": 27.75,
      "retail_price": 27.75,
      "retail_unit_type": "lb",
      "retail_unit_size": "1",
      "retail_pack_size": "1",
      "retail_price_per_unit": 27.75,
      "retail_display": "$27.75/lb",
      "is_organic": false,
      "is_gluten_free": true,
      "is_vegan": true,
      "is_kosher": false,
      "is_non_gmo": false,
      "is_local": false,
      "is_imported": false,
      "search_terms": [
        "cello",
        "other",
        "produce",
        "12x1",
        "parsnips"
      ],
      "upc": null,
      "processed_at": "2025-06-25T12:36:12.971158"
    },
    {
      "sku": "BALDOR_FR2AA",
      "supplier_sku": "FR2AA",
      "name": "IMPORTED ITALIAN FRISEE 6.6 LLB",
      "category": "Produce/Other",
      "brand": "Baldor",
      "supplier_id": "BALD001",
      "supplier_name": "Baldor Specialty Foods",
      "unit_size": "6.6 LB CTN",
      "unit_type": "case",
      "wholesale_price": 56.25,
      "retail_price": 56.25,
      "retail_unit_type": "lb",
      "retail_unit_size": "1",
      "retail_pack_size": "1",
      "retail_price_per_unit": 8.52,
      "retail_display": "$8.52/lb",
      "is_organic": false,
      "is_gluten_free": true,
      "is_vegan": true,
      "is_kosher": false,
      "is_non_gmo": false,
      "is_local": false,
      "is_imported": true,
      "search_terms": [
        "italian",
        "other",
        "produce",
        "llb",
        "frisee",
        "imported",
        "6.6"
      ],
      "upc": null,
      "processed_at": "2025-06-25T12:36:12.971166"
    },
    {
      "sku": "BALDOR_TU",
      "supplier_sku": "TU",
      "name": "TURNIPS WHITE 25 LB",
      "category": "Produce/Other",
      "brand": "Baldor",
      "supplier_id": "BALD001",
      "supplier_name": "Baldor Specialty Foods",
      "unit_size": "25 LB CTN",
      "unit_type": "case",
      "wholesale_price": 26.0,
      "retail_price": 26.0,
      "retail_unit_type": "lb",
      "retail_unit_size": "1",
      "retail_pack_size": "1",
      "retail_price_per_unit": 1.04,
      "retail_display": "$1.04/lb",
      "is_organic": false,
      "is_gluten_free": true,
      "is_vegan": true,
      "is_kosher": false,
      "is_non_gmo": false,
      "is_local": false,
      "is_imported": false,
      "search_terms": [
        "white",
        "produce",
        "other",
        "turnips"
      ],
      "upc": null,
      "processed_at": "2025-06-25T12:36:12.971172"
    },
    {
      "sku": "BALDOR_FR1",
      "supplier_sku": "FR1",
      "name": "FRISEE BLANCHED 12 CT",
      "category": "Produce/Other",
      "brand": "Baldor",
      "supplier_id": "BALD001",
      "supplier_name": "Baldor Specialty Foods",
      "unit_size": "12 CT CTN",
      "unit_type": "case",
      "wholesale_price": 34.75,
      "retail_price": 34.75,
      "retail_unit_type": "each",
      "retail_unit_size": "1",
      "retail_pack_size": "1",
      "retail_price_per_unit": 2.9,
      "retail_display": "$2.90/each",
      "is_organic": false,
      "is_gluten_free": true,
      "is_vegan": true,
      "is_kosher": false,
      "is_non_gmo": false,
      "is_local": false,
      "is_imported": false,
      "search_terms": [
        "other",
        "frisee",
        "produce",
        "blanched"
      ],
      "upc": null,
      "processed_at": "2025-06-25T12:36:12.971180"
    },
    {
      "sku": "BALDOR_TU3A",
      "supplier_sku": "TU3A",
      "name": "TURNIPS RUTABAGA UNWAXED 25 LB",
      "category": "Produce/Other",
      "brand": "Baldor",
      "supplier_id": "BALD001",
      "supplier_name": "Baldor Specialty Foods",
      "unit_size": "25 LB CTN",
      "unit_type": "case",
      "wholesale_price": 30.75,
      "retail_price": 30.75,
      "retail_unit_type": "lb",
      "retail_unit_size": "1",
      "retail_pack_size": "1",
      "retail_price_per_unit": 1.23,
      "retail_display": "$1.23/lb",
      "is_organic": false,
      "is_gluten_free": true,
      "is_vegan": true,
      "is_kosher": false,
      "is_non_gmo": false,
      "is_local": false,
      "is_imported": false,
      "search_terms": [
        "rutabaga",
        "other",
        "produce",
        "unwaxed",
        "turnips"
      ],
      "upc": null,
      "processed_at": "2025-06-25T12:36:12.971188"
    },
    {
      "sku": "BALDOR_FR2",
      "supplier_sku": "FR2",
      "name": "FRISEE ITALIAN STYLE 6.6 LB",
      "category": "Produce/Other",
      "brand": "Baldor",
      "supplier_id": "BALD001",
      "supplier_name": "Baldor Specialty Foods",
      "unit_size": "6.6 LB CTN",
      "unit_type": "case",
      "wholesale_price": 49.75,
      "retail_price": 49.75,
      "retail_unit_type": "lb",
      "retail_unit_size": "1",
      "retail_pack_size": "1",
      "retail_price_per_unit": 7.54,
      "retail_display": "$7.54/lb",
      "is_organic": false,
      "is_gluten_free": true,
      "is_vegan": true,
      "is_kosher": false,
      "is_non_gmo": false,
      "is_local": false,
      "is_imported": false,
      "search_terms": [
        "italian",
        "style",
        "other",
        "produce",
        "frisee",
        "6.6"
      ],
      "upc": null,
      "processed_at": "2025-06-25T12:36:12.971195"
    },
    {
      "sku": "BALDOR_FR3",
      "supplier_sku": "FR3",
      "name": "FRISEE CIRCUS FULL BLANCHED 12 CT",
      "category": "Produce/Other",
      "brand": "Baldor",
      "supplier_id": "BALD001",
      "supplier_name": "Baldor Specialty Foods",
      "unit_size": "12 CT CTN",
      "unit_type": "case",
      "wholesale_price": 39.0,
      "retail_price": 39.0,
      "retail_unit_type": "each",
      "retail_unit_size": "1",
      "retail_pack_size": "1",
      "retail_price_per_unit": 3.25,
      "retail_display": "$3.25/each",
      "is_organic": false,
      "is_gluten_free": true,
      "is_vegan": true,
      "is_kosher": false,
      "is_non_gmo": false,
      "is_local": false,
      "is_imported": false,
      "search_terms": [
        "blanched",
        "full",
        "other",
        "produce",
        "frisee",
        "circus"
      ],
      "upc": null,
      "processed_at": "2025-06-25T12:36:12.971204"
    },
    {
      "sku": "BALDOR_APCOT00",
      "supplier_sku": "APCOT00",
      "name": "TREE RIPENED APRICOTS 1 LAYER",
      "category": "Produce/Other",
      "brand": "Baldor",
      "supplier_id": "BALD001",
      "supplier_name": "Baldor Specialty Foods",
      "unit_size": "10 LBS CTN",
      "unit_type": "case",
      "wholesale_price": 52.75,
      "retail_price": 52.75,
      "retail_unit_type": "lb",
      "retail_unit_size": "1",
      "retail_pack_size": "1",
      "retail_price_per_unit": 5.28,
      "retail_display": "$5.28/lb",
      "is_organic": false,
      "is_gluten_free": true,
      "is_vegan": true,
      "is_kosher": false,
      "is_non_gmo": false,
      "is_local": false,
      "is_imported": false,
      "search_terms": [
        "other",
        "produce",
        "tree",
        "ripened",
        "apricots",
        "layer"
      ],
      "upc": null,
      "processed_at": "2025-06-25T12:36:12.971212"
    },
    {
      "sku": "BALDOR_LET90",
      "supplier_sku": "LET90",
      "name": "ESCAROLE 1-1/9 BU",
      "category": "Produce/Other",
      "brand": "Baldor",
      "supplier_id": "BALD001",
      "supplier_name": "Baldor Specialty Foods",
      "unit_size": "18 LB CTN",
      "unit_type": "case",
      "wholesale_price": 27.25,
      "retail_price": 27.25,
      "retail_unit_type": "lb",
      "retail_unit_size": "1",
      "retail_pack_size": "1",
      "retail_price_per_unit": 1.51,
      "retail_display": "$1.51/lb",
      "is_organic": false,
      "is_gluten_free": true,
      "is_vegan": true,
      "is_kosher": false,
      "is_non_gmo": false,
      "is_local": false,
      "is_imported": false,
      "search_terms": [
        "escarole",
        "produce",
        "other"
      ],
      "upc": null,
      "processed_at": "2025-06-25T12:36:12.971219"
    },
    {
      "sku": "BALDOR_LET90AA",
      "supplier_sku": "LET90AA",
      "name": "BLANCHED ITALIAN ESCAROLE 4.4 LB",
      "category": "Produce/Other",
      "brand": "Baldor",
      "supplier_id": "BALD001",
      "supplier_name": "Baldor Specialty Foods",
      "unit_size": "4.4 LB CTN",
      "unit_type": "case",
      "wholesale_price": 59.75,
      "retail_price": 59.75,
      "retail_unit_type": "lb",
      "retail_unit_size": "1",
      "retail_pack_size": "1",
      "retail_price_per_unit": 13.58,
      "retail_display": "$13.58/lb",
      "is_organic": false,
      "is_gluten_free": true,
      "is_vegan": true,
      "is_kosher": false,
      "is_non_gmo": false,
      "is_local": false,
      "is_imported": false,
      "search_terms": [
        "escarole",
        "italian",
        "blanched",
        "4.4",
        "other",
        "produce"
      ],
      "upc": null,
      "processed_at": "2025-06-25T12:36:12.971226"
    },
    {
      "sku": "BALDOR_N1A",
      "supplier_sku": "N1A",
      "name": "YELLOW NECTARINES 2 LAYERS",
      "category": "Produce/Other",
      "brand": "Baldor",
      "supplier_id": "BALD001",
      "supplier_name": "Baldor Specialty Foods",
      "unit_size": "20LBS CTN",
      "unit_type": "case",
      "wholesale_price": 40.25,
      "retail_price": 40.25,
      "retail_unit_type": "lb",
      "retail_unit_size": "1",
      "retail_pack_size": "1",
      "retail_price_per_unit": 2.01,
      "retail_display": "$2.01/lb",
      "is_organic": false,
      "is_gluten_free": true,
      "is_vegan": true,
      "is_kosher": false,
      "is_non_gmo": false,
      "is_local": false,
      "is_imported": false,
      "search_terms": [
        "nectarines",
        "layers",
        "other",
        "produce",
        "yellow"
      ],
      "upc": null,
      "processed_at": "2025-06-25T12:36:12.971234"
    },
    {
      "sku": "BALDOR_ON7",
      "supplier_sku": "ON7",
      "name": "ONION PEARL WHITE 12 CT",
      "category": "Produce/Vegetables/Onions",
      "brand": "Baldor",
      "supplier_id": "BALD001",
      "supplier_name": "Baldor Specialty Foods",
      "unit_size": "12 CT CTN",
      "unit_type": "case",
      "wholesale_price": 31.25,
      "retail_price": 31.25,
      "retail_unit_type": "each",
      "retail_unit_size": "1",
      "retail_pack_size": "1",
      "retail_price_per_unit": 2.6,
      "retail_display": "$2.60/each",
      "is_organic": false,
      "is_gluten_free": true,
      "is_vegan": true,
      "is_kosher": false,
      "is_non_gmo": false,
      "is_local": false,
      "is_imported": false,
      "search_terms": [
        "onions",
        "onion",
        "white",
        "pearl",
        "vegetables",
        "produce"
      ],
      "upc": null,
      "processed_at": "2025-06-25T12:36:12.971245"
    },
    {
      "sku": "BALDOR_N20",
      "supplier_sku": "N20",
      "name": "WHITE NECTARINES 2 LAYERS",
      "category": "Produce/Other",
      "brand": "Baldor",
      "supplier_id": "BALD001",
      "supplier_name": "Baldor Specialty Foods",
      "unit_size": "20 LBS CTN",
      "unit_type": "case",
      "wholesale_price": 48.75,
      "retail_price": 48.75,
      "retail_unit_type": "lb",
      "retail_unit_size": "1",
      "retail_pack_size": "1",
      "retail_price_per_unit": 2.44,
      "retail_display": "$2.44/lb",
      "is_organic": false,
      "is_gluten_free": true,
      "is_vegan": true,
      "is_kosher": false,
      "is_non_gmo": false,
      "is_local": false,
      "is_imported": false,
      "search_terms": [
        "nectarines",
        "white",
        "layers",
        "other",
        "produce"
      ],
      "upc": null,
      "processed_at": "2025-06-25T12:36:12.971252"
    },
    {
      "sku": "BALDOR_LET91",
      "supplier_sku": "LET91",
      "name": "CHICORY 1-1/9 BU",
      "category": "Produce/Other",
      "brand": "Baldor",
      "supplier_id": "BALD001",
      "supplier_name": "Baldor Specialty Foods",
      "unit_size": "1-1/9 BU CTN",
      "unit_type": "case",
      "wholesale_price": 29.5,
      "retail_price": 29.5,
      "retail_unit_type": "bunch",
      "retail_unit_size": "1",
      "retail_pack_size": "1",
      "retail_price_per_unit": 3.28,
      "retail_display": "$3.28/bunch",
      "is_organic": false,
      "is_gluten_free": true,
      "is_vegan": true,
      "is_kosher": false,
      "is_non_gmo": false,
      "is_local": false,
      "is_imported": false,
      "search_terms": [
        "produce",
        "other",
        "chicory"
      ],
      "upc": null,
      "processed_at": "2025-06-25T12:36:12.971261"
    },
    {
      "sku": "BALDOR_PCH2A",
      "supplier_sku": "PCH2A",
      "name": "WHITE PEACHES 2 LAYERS",
      "category": "Produce/Vegetables/Peas",
      "brand": "Baldor",
      "supplier_id": "BALD001",
      "supplier_name": "Baldor Specialty Foods",
      "unit_size": "20 LBS CTN",
      "unit_type": "case",
      "wholesale_price": 48.75,
      "retail_price": 48.75,
      "retail_unit_type": "lb",
      "retail_unit_size": "1",
      "retail_pack_size": "1",
      "retail_price_per_unit": 2.44,
      "retail_display": "$2.44/lb",
      "is_organic": false,
      "is_gluten_free": true,
      "is_vegan": true,
      "is_kosher": false,
      "is_non_gmo": false,
      "is_local": false,
      "is_imported": false,
      "search_terms": [
        "peas",
        "white",
        "layers",
        "vegetables",
        "produce",
        "peaches"
      ],
      "upc": null,
      "processed_at": "2025-06-25T12:36:12.971269"
    },
    {
      "sku": "BALDOR_R1",
      "supplier_sku": "R1",
      "name": "TREVISANO 10-12 CT",
      "category": "Produce/Other",
      "brand": "Baldor",
      "supplier_id": "BALD001",
      "supplier_name": "Baldor Specialty Foods",
      "unit_size": "10-12 CT CTN",
      "unit_type": "case",
      "wholesale_price": 26.0,
      "retail_price": 26.0,
      "retail_unit_type": "each",
      "retail_unit_size": "1",
      "retail_pack_size": "1",
      "retail_price_per_unit": 2.17,
      "retail_display": "$2.17/each",
      "is_organic": false,
      "is_gluten_free": true,
      "is_vegan": true,
      "is_kosher": false,
      "is_non_gmo": false,
      "is_local": false,
      "is_imported": false,
      "search_terms": [
        "produce",
        "other",
        "trevisano"
      ],
      "upc": null,
      "processed_at": "2025-06-25T12:36:12.971277"
    },
    {
      "sku": "BALDOR_PL2B",
      "supplier_sku": "PL2B",
      "name": "SUGAR PLUM 20 LBS",
      "category": "Produce/Other",
      "brand": "Baldor",
      "supplier_id": "BALD001",
      "supplier_name": "Baldor Specialty Foods",
      "unit_size": "20 LBS CTN",
      "unit_type": "case",
      "wholesale_price": 84.25,
      "retail_price": 84.25,
      "retail_unit_type": "lb",
      "retail_unit_size": "1",
      "retail_pack_size": "1",
      "retail_price_per_unit": 4.21,
      "retail_display": "$4.21/lb",
      "is_organic": false,
      "is_gluten_free": true,
      "is_vegan": true,
      "is_kosher": false,
      "is_non_gmo": false,
      "is_local": false,
      "is_imported": false,
      "search_terms": [
        "plum",
        "lbs",
        "other",
        "produce",
        "sugar"
      ],
      "upc": null,
      "processed_at": "2025-06-25T12:36:12.971284"
    },
    {
      "sku": "BALDOR_R2",
      "supplier_sku": "R2",
      "name": "ITALIAN TARDIVO 2.2 LB",
      "category": "Produce/Other",
      "brand": "Baldor",
      "supplier_id": "BALD001",
      "supplier_name": "Baldor Specialty Foods",
      "unit_size": "2.2 LB CTN",
      "unit_type": "case",
      "wholesale_price": 48.75,
      "retail_price": 48.75,
      "retail_unit_type": "lb",
      "retail_unit_size": "1",
      "retail_pack_size": "1",
      "retail_price_per_unit": 22.16,
      "retail_display": "$22.16/lb",
      "is_organic": false,
      "is_gluten_free": true,
      "is_vegan": true,
      "is_kosher": false,
      "is_non_gmo": false,
      "is_local": false,
      "is_imported": false,
      "search_terms": [
        "italian",
        "other",
        "produce",
        "2.2",
        "tardivo"
      ],
      "upc": null,
      "processed_at": "2025-06-25T12:36:12.971291"
    },
    {
      "sku": "BALDOR_PL2A",
      "supplier_sku": "PL2A",
      "name": "BLACK PLUMS 2 LAYERS",
      "category": "Produce/Other",
      "brand": "Baldor",
      "supplier_id": "BALD001",
      "supplier_name": "Baldor Specialty Foods",
      "unit_size": "20 LBS CTN",
      "unit_type": "case",
      "wholesale_price": 46.25,
      "retail_price": 46.25,
      "retail_unit_type": "lb",
      "retail_unit_size": "1",
      "retail_pack_size": "1",
      "retail_price_per_unit": 2.31,
      "retail_display": "$2.31/lb",
      "is_organic": false,
      "is_gluten_free": true,
      "is_vegan": true,
      "is_kosher": false,
      "is_non_gmo": false,
      "is_local": false,
      "is_imported": false,
      "search_terms": [
        "layers",
        "other",
        "produce",
        "plums",
        "black"
      ],
      "upc": null,
      "processed_at": "2025-06-25T12:36:12.971298"
    },
    {
      "sku": "BALDOR_R3",
      "supplier_sku": "R3",
      "name": "ITALIAN ROSA DI GORIZIA RADICCHIO 2.2 LB",
      "category": "Produce/Other",
      "brand": "Baldor",
      "supplier_id": "BALD001",
      "supplier_name": "Baldor Specialty Foods",
      "unit_size": "2.2 LB CTN",
      "unit_type": "case",
      "wholesale_price": 70.5,
      "retail_price": 70.5,
      "retail_unit_type": "lb",
      "retail_unit_size": "1",
      "retail_pack_size": "1",
      "retail_price_per_unit": 32.05,
      "retail_display": "$32.05/lb",
      "is_organic": false,
      "is_gluten_free": true,
      "is_vegan": true,
      "is_kosher": false,
      "is_non_gmo": false,
      "is_local": false,
      "is_imported": false,
      "search_terms": [
        "radicchio",
        "italian",
        "rosa",
        "other",
        "produce",
        "2.2",
        "gorizia"
      ],
      "upc": null,
      "processed_at": "2025-06-25T12:36:12.971306"
    },
    {
      "sku": "BALDOR_CHR7",
      "supplier_sku": "CHR7",
      "name": "FROZEN RED SOUR PITTED CHERRIES 40LBS",
      "category": "Produce/Other",
      "brand": "Baldor",
      "supplier_id": "BALD001",
      "supplier_name": "Baldor Specialty Foods",
      "unit_size": "40 LBS CTN",
      "unit_type": "case",
      "wholesale_price": 90.75,
      "retail_price": 90.75,
      "retail_unit_type": "lb",
      "retail_unit_size": "1",
      "retail_pack_size": "1",
      "retail_price_per_unit": 2.27,
      "retail_display": "$2.27/lb",
      "is_organic": false,
      "is_gluten_free": true,
      "is_vegan": true,
      "is_kosher": false,
      "is_non_gmo": false,
      "is_local": false,
      "is_imported": false,
      "search_terms": [
        "40lbs",
        "sour",
        "cherries",
        "other",
        "red",
        "pitted",
        "produce",
        "frozen"
      ],
      "upc": null,
      "processed_at": "2025-06-25T12:36:12.971315"
    },
    {
      "sku": "BALDOR_R3C",
      "supplier_sku": "R3C",
      "name": "J.MARCHINI FARMS ROSA RADICCHIO",
      "category": "Produce/Other",
      "brand": "Baldor",
      "supplier_id": "BALD001",
      "supplier_name": "Baldor Specialty Foods",
      "unit_size": "8 CT CTN",
      "unit_type": "case",
      "wholesale_price": 42.25,
      "retail_price": 42.25,
      "retail_unit_type": "each",
      "retail_unit_size": "1",
      "retail_pack_size": "1",
      "retail_price_per_unit": 5.28,
      "retail_display": "$5.28/each",
      "is_organic": false,
      "is_gluten_free": true,
      "is_vegan": true,
      "is_kosher": false,
      "is_non_gmo": false,
      "is_local": false,
      "is_imported": false,
      "search_terms": [
        "radicchio",
        "rosa",
        "farms",
        "other",
        "j.marchini",
        "produce"
      ],
      "upc": null,
      "processed_at": "2025-06-25T12:36:12.971323"
    },
    {
      "sku": "BALDOR_CHR10",
      "supplier_sku": "CHR10",
      "name": "EXTRA LARGE/JUMBO RED CHERRIES 11 LBS",
      "category": "Produce/Other",
      "brand": "Baldor",
      "supplier_id": "BALD001",
      "supplier_name": "Baldor Specialty Foods",
      "unit_size": "11LBS CTN",
      "unit_type": "case",
      "wholesale_price": 56.75,
      "retail_price": 56.75,
      "retail_unit_type": "lb",
      "retail_unit_size": "1",
      "retail_pack_size": "1",
      "retail_price_per_unit": 5.16,
      "retail_display": "$5.16/lb",
      "is_organic": false,
      "is_gluten_free": true,
      "is_vegan": true,
      "is_kosher": false,
      "is_non_gmo": false,
      "is_local": false,
      "is_imported": false,
      "search_terms": [
        "lbs",
        "large",
        "cherries",
        "extra",
        "other",
        "red",
        "produce",
        "jumbo"
      ],
      "upc": null,
      "processed_at": "2025-06-25T12:36:12.971331"
    },
    {
      "sku": "BALDOR_R3M",
      "supplier_sku": "R3M",
      "name": "IMPORTED ITALIAN RADICCHIO MIX 6 LB",
      "category": "Produce/Other",
      "brand": "Baldor",
      "supplier_id": "BALD001",
      "supplier_name": "Baldor Specialty Foods",
      "unit_size": "6 LB CTN",
      "unit_type": "case",
      "wholesale_price": 55.25,
      "retail_price": 55.25,
      "retail_unit_type": "lb",
      "retail_unit_size": "1",
      "retail_pack_size": "1",
      "retail_price_per_unit": 9.21,
      "retail_display": "$9.21/lb",
      "is_organic": false,
      "is_gluten_free": true,
      "is_vegan": true,
      "is_kosher": false,
      "is_non_gmo": false,
      "is_local": false,
      "is_imported": true,
      "search_terms": [
        "radicchio",
        "italian",
        "other",
        "produce",
        "imported",
        "mix"
      ],
      "upc": null,
      "processed_at": "2025-06-25T12:36:12.971339"
    },
    {
      "sku": "BALDOR_R4",
      "supplier_sku": "R4",
      "name": "RADICCHIO CASTELFRANCO FRANCO 12 CT J MARCHINI",
      "category": "Produce/Other",
      "brand": "Baldor",
      "supplier_id": "BALD001",
      "supplier_name": "Baldor Specialty Foods",
      "unit_size": "12 CT CTN",
      "unit_type": "case",
      "wholesale_price": 24.0,
      "retail_price": 24.0,
      "retail_unit_type": "each",
      "retail_unit_size": "1",
      "retail_pack_size": "1",
      "retail_price_per_unit": 2.0,
      "retail_display": "$2.00/each",
      "is_organic": false,
      "is_gluten_free": true,
      "is_vegan": true,
      "is_kosher": false,
      "is_non_gmo": false,
      "is_local": false,
      "is_imported": false,
      "search_terms": [
        "radicchio",
        "marchini",
        "other",
        "franco",
        "produce",
        "castelfranco"
      ],
      "upc": null,
      "processed_at": "2025-06-25T12:36:12.971348"
    },
    {
      "sku": "BALDOR_SQ",
      "supplier_sku": "SQ",
      "name": "ZUCCHINI MEDIUM 18 LB",
      "category": "Produce/Other",
      "brand": "Baldor",
      "supplier_id": "BALD001",
      "supplier_name": "Baldor Specialty Foods",
      "unit_size": "18 LB CTN",
      "unit_type": "case",
      "wholesale_price": 22.0,
      "retail_price": 22.0,
      "retail_unit_type": "lb",
      "retail_unit_size": "1",
      "retail_pack_size": "1",
      "retail_price_per_unit": 1.22,
      "retail_display": "$1.22/lb",
      "is_organic": false,
      "is_gluten_free": true,
      "is_vegan": true,
      "is_kosher": false,
      "is_non_gmo": false,
      "is_local": false,
      "is_imported": false,
      "search_terms": [
        "zucchini",
        "produce",
        "medium",
        "other"
      ],
      "upc": null,
      "processed_at": "2025-06-25T12:36:12.971355"
    },
    {
      "sku": "BALDOR_R5C",
      "supplier_sku": "R5C",
      "name": "ITALIAN ROSA DEL VENETO RADICCHIO 6.6 LB",
      "category": "Produce/Other",
      "brand": "Baldor",
      "supplier_id": "BALD001",
      "supplier_name": "Baldor Specialty Foods",
      "unit_size": "6.6 LB CTN",
      "unit_type": "case",
      "wholesale_price": 73.75,
      "retail_price": 73.75,
      "retail_unit_type": "lb",
      "retail_unit_size": "1",
      "retail_pack_size": "1",
      "retail_price_per_unit": 11.17,
      "retail_display": "$11.17/lb",
      "is_organic": false,
      "is_gluten_free": true,
      "is_vegan": true,
      "is_kosher": false,
      "is_non_gmo": false,
      "is_local": false,
      "is_imported": false,
      "search_terms": [
        "radicchio",
        "del",
        "italian",
        "rosa",
        "other",
        "produce",
        "veneto",
        "6.6"
      ],
      "upc": null,
      "processed_at": "2025-06-25T12:36:12.971365"
    },
    {
      "sku": "BALDOR_SQ0",
      "supplier_sku": "SQ0",
      "name": "ZUCCHINI FCY 18 LB",
      "category": "Produce/Other",
      "brand": "Baldor",
      "supplier_id": "BALD001",
      "supplier_name": "Baldor Specialty Foods",
      "unit_size": "18 LB CTN",
      "unit_type": "case",
      "wholesale_price": 24.0,
      "retail_price": 24.0,
      "retail_unit_type": "lb",
      "retail_unit_size": "1",
      "retail_pack_size": "1",
      "retail_price_per_unit": 1.33,
      "retail_display": "$1.33/lb",
      "is_organic": false,
      "is_gluten_free": true,
      "is_vegan": true,
      "is_kosher": false,
      "is_non_gmo": false,
      "is_local": false,
      "is_imported": false,
      "search_terms": [
        "zucchini",
        "produce",
        "other",
        "fcy"
      ],
      "upc": null,
      "processed_at": "2025-06-25T12:36:12.971372"
    },
    {
      "sku": "BALDOR_R51A",
      "supplier_sku": "R51A",
      "name": "ITALIAN CASTELFRANCO RADICCHIO 2.5 KG",
      "category": "Produce/Other",
      "brand": "Baldor",
      "supplier_id": "BALD001",
      "supplier_name": "Baldor Specialty Foods",
      "unit_size": "2.5 KG CTN",
      "unit_type": "case",
      "wholesale_price": 50.25,
      "retail_price": 50.25,
      "retail_unit_type": "case",
      "retail_unit_size": "2.5 KG CTN",
      "retail_pack_size": "1",
      "retail_price_per_unit": 50.25,
      "retail_display": "$50.25/case",
      "is_organic": false,
      "is_gluten_free": true,
      "is_vegan": true,
      "is_kosher": false,
      "is_non_gmo": false,
      "is_local": false,
      "is_imported": false,
      "search_terms": [
        "radicchio",
        "italian",
        "2.5",
        "other",
        "produce",
        "castelfranco"
      ],
      "upc": null,
      "processed_at": "2025-06-25T12:36:12.971382"
    },
    {
      "sku": "BALDOR_SQ2",
      "supplier_sku": "SQ2",
      "name": "SQUASH YELLOW MED 18 LB",
      "category": "Produce/Other",
      "brand": "Baldor",
      "supplier_id": "BALD001",
      "supplier_name": "Baldor Specialty Foods",
      "unit_size": "18 LB CTN",
      "unit_type": "case",
      "wholesale_price": 30.5,
      "retail_price": 30.5,
      "retail_unit_type": "lb",
      "retail_unit_size": "1",
      "retail_pack_size": "1",
      "retail_price_per_unit": 1.69,
      "retail_display": "$1.69/lb",
      "is_organic": false,
      "is_gluten_free": true,
      "is_vegan": true,
      "is_kosher": false,
      "is_non_gmo": false,
      "is_local": false,
      "is_imported": false,
      "search_terms": [
        "other",
        "med",
        "produce",
        "squash",
        "yellow"
      ],
      "upc": null,
      "processed_at": "2025-06-25T12:36:12.971389"
    },
    {
      "sku": "BALDOR_SQ20",
      "supplier_sku": "SQ20",
      "name": "SQUASH YELLOW FCY CS",
      "category": "Produce/Other",
      "brand": "Baldor",
      "supplier_id": "BALD001",
      "supplier_name": "Baldor Specialty Foods",
      "unit_size": "16 LB CTN",
      "unit_type": "case",
      "wholesale_price": 34.75,
      "retail_price": 34.75,
      "retail_unit_type": "lb",
      "retail_unit_size": "1",
      "retail_pack_size": "1",
      "retail_price_per_unit": 2.17,
      "retail_display": "$2.17/lb",
      "is_organic": false,
      "is_gluten_free": true,
      "is_vegan": true,
      "is_kosher": false,
      "is_non_gmo": false,
      "is_local": false,
      "is_imported": false,
      "search_terms": [
        "other",
        "produce",
        "squash",
        "fcy",
        "yellow"
      ],
      "upc": null,
      "processed_at": "2025-06-25T12:36:12.971396"
    },
    {
      "sku": "BALDOR_R20",
      "supplier_sku": "R20",
      "name": "ITALIAN GRUMOLO RADICCHIO 5.3 LB",
      "category": "Produce/Other",
      "brand": "Baldor",
      "supplier_id": "BALD001",
      "supplier_name": "Baldor Specialty Foods",
      "unit_size": "5.3 LB CTN",
      "unit_type": "case",
      "wholesale_price": 100.0,
      "retail_price": 100.0,
      "retail_unit_type": "lb",
      "retail_unit_size": "1",
      "retail_pack_size": "1",
      "retail_price_per_unit": 18.87,
      "retail_display": "$18.87/lb",
      "is_organic": false,
      "is_gluten_free": true,
      "is_vegan": true,
      "is_kosher": false,
      "is_non_gmo": false,
      "is_local": false,
      "is_imported": false,
      "search_terms": [
        "radicchio",
        "italian",
        "other",
        "grumolo",
        "produce",
        "5.3"
      ],
      "upc": null,
      "processed_at": "2025-06-25T12:36:12.971403"
    },
    {
      "sku": "BALDOR_SQ2F1",
      "supplier_sku": "SQ2F1",
      "name": "SQUASH YELLOW MEDIUM 2 CT",
      "category": "Produce/Other",
      "brand": "Baldor",
      "supplier_id": "BALD001",
      "supplier_name": "Baldor Specialty Foods",
      "unit_size": "2 CT EACH",
      "unit_type": "case",
      "wholesale_price": 4.0,
      "retail_price": 4.0,
      "retail_unit_type": "each",
      "retail_unit_size": "1",
      "retail_pack_size": "1",
      "retail_price_per_unit": 2.0,
      "retail_display": "$2.00/each",
      "is_organic": false,
      "is_gluten_free": true,
      "is_vegan": true,
      "is_kosher": false,
      "is_non_gmo": false,
      "is_local": false,
      "is_imported": false,
      "search_terms": [
        "other",
        "produce",
        "squash",
        "medium",
        "yellow"
      ],
      "upc": null,
      "processed_at": "2025-06-25T12:36:12.971413"
    },
    {
      "sku": "BALDOR_SQ8",
      "supplier_sku": "SQ8",
      "name": "SQUASH PATTY PAN YELLOW BABY 5 LB",
      "category": "Produce/Other",
      "brand": "Baldor",
      "supplier_id": "BALD001",
      "supplier_name": "Baldor Specialty Foods",
      "unit_size": "5 LB CTN",
      "unit_type": "case",
      "wholesale_price": 42.75,
      "retail_price": 42.75,
      "retail_unit_type": "lb",
      "retail_unit_size": "1",
      "retail_pack_size": "1",
      "retail_price_per_unit": 8.55,
      "retail_display": "$8.55/lb",
      "is_organic": false,
      "is_gluten_free": true,
      "is_vegan": true,
      "is_kosher": false,
      "is_non_gmo": false,
      "is_local": false,
      "is_imported": false,
      "search_terms": [
        "baby",
        "pan",
        "other",
        "produce",
        "patty",
        "squash",
        "yellow"
      ],
      "upc": null,
      "processed_at": "2025-06-25T12:36:12.971421"
    },
    {
      "sku": "BALDOR_GR",
      "supplier_sku": "GR",
      "name": "GRAPEFRUIT RED 23 CT",
      "category": "Produce/Fruit/Grapes",
      "brand": "Baldor",
      "supplier_id": "BALD001",
      "supplier_name": "Baldor Specialty Foods",
      "unit_size": "23 CT CTN",
      "unit_type": "case",
      "wholesale_price": 53.75,
      "retail_price": 53.75,
      "retail_unit_type": "each",
      "retail_unit_size": "1",
      "retail_pack_size": "1",
      "retail_price_per_unit": 2.34,
      "retail_display": "$2.34/each",
      "is_organic": false,
      "is_gluten_free": true,
      "is_vegan": true,
      "is_kosher": false,
      "is_non_gmo": false,
      "is_local": false,
      "is_imported": false,
      "search_terms": [
        "fruit",
        "red",
        "produce",
        "grapes",
        "grapefruit"
      ],
      "upc": null,
      "processed_at": "2025-06-25T12:36:12.971429"
    },
    {
      "sku": "BALDOR_SQ9",
      "supplier_sku": "SQ9",
      "name": "SQUASH PATTY PAN GREEN BABY 5 LB",
      "category": "Produce/Other",
      "brand": "Baldor",
      "supplier_id": "BALD001",
      "supplier_name": "Baldor Specialty Foods",
      "unit_size": "5 LB CTN",
      "unit_type": "case",
      "wholesale_price": 42.75,
      "retail_price": 42.75,
      "retail_unit_type": "lb",
      "retail_unit_size": "1",
      "retail_pack_size": "1",
      "retail_price_per_unit": 8.55,
      "retail_display": "$8.55/lb",
      "is_organic": false,
      "is_gluten_free": true,
      "is_vegan": true,
      "is_kosher": false,
      "is_non_gmo": false,
      "is_local": false,
      "is_imported": false,
      "search_terms": [
        "baby",
        "pan",
        "other",
        "produce",
        "patty",
        "green",
        "squash"
      ],
      "upc": null,
      "processed_at": "2025-06-25T12:36:12.971437"
    },
    {
      "sku": "BALDOR_GR01",
      "supplier_sku": "GR01",
      "name": "GRAPEFRUIT RED 27 CT",
      "category": "Produce/Fruit/Grapes",
      "brand": "Baldor",
      "supplier_id": "BALD001",
      "supplier_name": "Baldor Specialty Foods",
      "unit_size": "27 CT CTN",
      "unit_type": "case",
      "wholesale_price": 53.75,
      "retail_price": 53.75,
      "retail_unit_type": "each",
      "retail_unit_size": "1",
      "retail_pack_size": "1",
      "retail_price_per_unit": 1.99,
      "retail_display": "$1.99/each",
      "is_organic": false,
      "is_gluten_free": true,
      "is_vegan": true,
      "is_kosher": false,
      "is_non_gmo": false,
      "is_local": false,
      "is_imported": false,
      "search_terms": [
        "fruit",
        "red",
        "produce",
        "grapes",
        "grapefruit"
      ],
      "upc": null,
      "processed_at": "2025-06-25T12:36:12.971444"
    },
    {
      "sku": "BALDOR_SQ91",
      "supplier_sku": "SQ91",
      "name": "ZUCCHINI BABY 5 LB",
      "category": "Produce/Other",
      "brand": "Baldor",
      "supplier_id": "BALD001",
      "supplier_name": "Baldor Specialty Foods",
      "unit_size": "5 LB CTN",
      "unit_type": "case",
      "wholesale_price": 40.75,
      "retail_price": 40.75,
      "retail_unit_type": "lb",
      "retail_unit_size": "1",
      "retail_pack_size": "1",
      "retail_price_per_unit": 8.15,
      "retail_display": "$8.15/lb",
      "is_organic": false,
      "is_gluten_free": true,
      "is_vegan": true,
      "is_kosher": false,
      "is_non_gmo": false,
      "is_local": false,
      "is_imported": false,
      "search_terms": [
        "zucchini",
        "produce",
        "other",
        "baby"
      ],
      "upc": null,
      "processed_at": "2025-06-25T12:36:12.971451"
    },
    {
      "sku": "BALDOR_GR01D",
      "supplier_sku": "GR01D",
      "name": "BERNARD RANCHES STAR RUBY GRAPEFRUIT 38 LB",
      "category": "Produce/Fruit/Grapes",
      "brand": "Baldor",
      "supplier_id": "BALD001",
      "supplier_name": "Baldor Specialty Foods",
      "unit_size": "38 LB CTN",
      "unit_type": "case",
      "wholesale_price": 86.25,
      "retail_price": 86.25,
      "retail_unit_type": "lb",
      "retail_unit_size": "1",
      "retail_pack_size": "1",
      "retail_price_per_unit": 2.27,
      "retail_display": "$2.27/lb",
      "is_organic": false,
      "is_gluten_free": true,
      "is_vegan": true,
      "is_kosher": false,
      "is_non_gmo": false,
      "is_local": false,
      "is_imported": false,
      "search_terms": [
        "fruit",
        "produce",
        "ruby",
        "ranches",
        "grapes",
        "bernard",
        "star",
        "grapefruit"
      ],
      "upc": null,
      "processed_at": "2025-06-25T12:36:12.971459"
    },
    {
      "sku": "BALDOR_SQ93",
      "supplier_sku": "SQ93",
      "name": "SQUASH BUTTERNUT 35 LB",
      "category": "Produce/Other",
      "brand": "Baldor",
      "supplier_id": "BALD001",
      "supplier_name": "Baldor Specialty Foods",
      "unit_size": "35 LB CTN",
      "unit_type": "case",
      "wholesale_price": 28.25,
      "retail_price": 28.25,
      "retail_unit_type": "lb",
      "retail_unit_size": "1",
      "retail_pack_size": "1",
      "retail_price_per_unit": 0.81,
      "retail_display": "$0.81/lb",
      "is_organic": false,
      "is_gluten_free": true,
      "is_vegan": true,
      "is_kosher": false,
      "is_non_gmo": false,
      "is_local": false,
      "is_imported": false,
      "search_terms": [
        "butternut",
        "produce",
        "squash",
        "other"
      ],
      "upc": null,
      "processed_at": "2025-06-25T12:36:12.971466"
    },
    {
      "sku": "BALDOR_GR10",
      "supplier_sku": "GR10",
      "name": "GRAPEFRUIT RED 48-56 CT",
      "category": "Produce/Fruit/Grapes",
      "brand": "Baldor",
      "supplier_id": "BALD001",
      "supplier_name": "Baldor Specialty Foods",
      "unit_size": "48-56 CT CTN",
      "unit_type": "case",
      "wholesale_price": 38.0,
      "retail_price": 38.0,
      "retail_unit_type": "each",
      "retail_unit_size": "1",
      "retail_pack_size": "1",
      "retail_price_per_unit": 0.68,
      "retail_display": "$0.68/each",
      "is_organic": false,
      "is_gluten_free": true,
      "is_vegan": true,
      "is_kosher": false,
      "is_non_gmo": false,
      "is_local": false,
      "is_imported": false,
      "search_terms": [
        "fruit",
        "red",
        "produce",
        "grapes",
        "grapefruit"
      ],
      "upc": null,
      "processed_at": "2025-06-25T12:36:12.971475"
    },
    {
      "sku": "BALDOR_SQ94",
      "supplier_sku": "SQ94",
      "name": "SQUASH ACORN 35 LB",
      "category": "Produce/Other",
      "brand": "Baldor",
      "supplier_id": "BALD001",
      "supplier_name": "Baldor Specialty Foods",
      "unit_size": "35 LB CTN",
      "unit_type": "case",
      "wholesale_price": 30.0,
      "retail_price": 30.0,
      "retail_unit_type": "lb",
      "retail_unit_size": "1",
      "retail_pack_size": "1",
      "retail_price_per_unit": 0.86,
      "retail_display": "$0.86/lb",
      "is_organic": false,
      "is_gluten_free": true,
      "is_vegan": true,
      "is_kosher": false,
      "is_non_gmo": false,
      "is_local": false,
      "is_imported": false,
      "search_terms": [
        "produce",
        "squash",
        "other",
        "acorn"
      ],
      "upc": null,
      "processed_at": "2025-06-25T12:36:12.971482"
    },
    {
      "sku": "BALDOR_GR1",
      "supplier_sku": "GR1",
      "name": "GRAPEFRUIT 40 CT",
      "category": "Produce/Fruit/Grapes",
      "brand": "Baldor",
      "supplier_id": "BALD001",
      "supplier_name": "Baldor Specialty Foods",
      "unit_size": "40 CT CTN",
      "unit_type": "case",
      "wholesale_price": 46.25,
      "retail_price": 46.25,
      "retail_unit_type": "each",
      "retail_unit_size": "1",
      "retail_pack_size": "1",
      "retail_price_per_unit": 1.16,
      "retail_display": "$1.16/each",
      "is_organic": false,
      "is_gluten_free": true,
      "is_vegan": true,
      "is_kosher": false,
      "is_non_gmo": false,
      "is_local": false,
      "is_imported": false,
      "search_terms": [
        "fruit",
        "grapes",
        "produce",
        "grapefruit"
      ],
      "upc": null,
      "processed_at": "2025-06-25T12:36:12.971489"
    },
    {
      "sku": "BALDOR_SQ95",
      "supplier_sku": "SQ95",
      "name": "SQUASH SPAGHETTI 35 LB",
      "category": "Produce/Other",
      "brand": "Baldor",
      "supplier_id": "BALD001",
      "supplier_name": "Baldor Specialty Foods",
      "unit_size": "35 LB CTN",
      "unit_type": "case",
      "wholesale_price": 26.0,
      "retail_price": 26.0,
      "retail_unit_type": "lb",
      "retail_unit_size": "1",
      "retail_pack_size": "1",
      "retail_price_per_unit": 0.74,
      "retail_display": "$0.74/lb",
      "is_organic": false,
      "is_gluten_free": true,
      "is_vegan": true,
      "is_kosher": false,
      "is_non_gmo": false,
      "is_local": false,
      "is_imported": false,
      "search_terms": [
        "produce",
        "spaghetti",
        "squash",
        "other"
      ],
      "upc": null,
      "processed_at": "2025-06-25T12:36:12.971496"
    },
    {
      "sku": "BALDOR_KU0",
      "supplier_sku": "KU0",
      "name": "KUMQUATS 10 LBS",
      "category": "Produce/Other",
      "brand": "Baldor",
      "supplier_id": "BALD001",
      "supplier_name": "Baldor Specialty Foods",
      "unit_size": "48-56 CT CTN",
      "unit_type": "case",
      "wholesale_price": 74.75,
      "retail_price": 74.75,
      "retail_unit_type": "each",
      "retail_unit_size": "1",
      "retail_pack_size": "1",
      "retail_price_per_unit": 1.33,
      "retail_display": "$1.33/each",
      "is_organic": false,
      "is_gluten_free": true,
      "is_vegan": true,
      "is_kosher": false,
      "is_non_gmo": false,
      "is_local": false,
      "is_imported": false,
      "search_terms": [
        "lbs",
        "kumquats",
        "produce",
        "other"
      ],
      "upc": null,
      "processed_at": "2025-06-25T12:36:12.971504"
    },
    {
      "sku": "BALDOR_SQUASH030325",
      "supplier_sku": "SQUASH030325",
      "name": "SQUASH CHAYOTE 20 CT",
      "category": "Produce/Other",
      "brand": "Baldor",
      "supplier_id": "BALD001",
      "supplier_name": "Baldor Specialty Foods",
      "unit_size": "20 CT CTN",
      "unit_type": "case",
      "wholesale_price": 35.25,
      "retail_price": 35.25,
      "retail_unit_type": "each",
      "retail_unit_size": "1",
      "retail_pack_size": "1",
      "retail_price_per_unit": 1.76,
      "retail_display": "$1.76/each",
      "is_organic": false,
      "is_gluten_free": true,
      "is_vegan": true,
      "is_kosher": false,
      "is_non_gmo": false,
      "is_local": false,
      "is_imported": false,
      "search_terms": [
        "produce",
        "squash",
        "other",
        "chayote"
      ],
      "upc": null,
      "processed_at": "2025-06-25T12:36:12.971512"
    },
    {
      "sku": "BALDOR_KU1BR",
      "supplier_sku": "KU1BR",
      "name": "BERBARD RANCHES KUMQUATS 10 LB",
      "category": "Produce/Other",
      "brand": "Baldor",
      "supplier_id": "BALD001",
      "supplier_name": "Baldor Specialty Foods",
      "unit_size": "10 LB CTN",
      "unit_type": "case",
      "wholesale_price": 109.5,
      "retail_price": 109.5,
      "retail_unit_type": "lb",
      "retail_unit_size": "1",
      "retail_pack_size": "1",
      "retail_price_per_unit": 10.95,
      "retail_display": "$10.95/lb",
      "is_organic": false,
      "is_gluten_free": true,
      "is_vegan": true,
      "is_kosher": false,
      "is_non_gmo": false,
      "is_local": false,
      "is_imported": false,
      "search_terms": [
        "berbard",
        "other",
        "produce",
        "kumquats",
        "ranches"
      ],
      "upc": null,
      "processed_at": "2025-06-25T12:36:12.971519"
    },
    {
      "sku": "BALDOR_SQUASH030330",
      "supplier_sku": "SQUASH030330",
      "name": "SQUASH KABOCHA 35 LB",
      "category": "Produce/Other",
      "brand": "Baldor",
      "supplier_id": "BALD001",
      "supplier_name": "Baldor Specialty Foods",
      "unit_size": "35 LB CTN",
      "unit_type": "case",
      "wholesale_price": 32.25,
      "retail_price": 32.25,
      "retail_unit_type": "lb",
      "retail_unit_size": "1",
      "retail_pack_size": "1",
      "retail_price_per_unit": 0.92,
      "retail_display": "$0.92/lb",
      "is_organic": false,
      "is_gluten_free": true,
      "is_vegan": true,
      "is_kosher": false,
      "is_non_gmo": false,
      "is_local": false,
      "is_imported": false,
      "search_terms": [
        "produce",
        "squash",
        "other",
        "kabocha"
      ],
      "upc": null,
      "processed_at": "2025-06-25T12:36:12.971526"
    },
    {
      "sku": "BALDOR_L0",
      "supplier_sku": "L0",
      "name": "LEMONS 165 CT SUNKIST",
      "category": "Produce/Fruit/Citrus",
      "brand": "Baldor",
      "supplier_id": "BALD001",
      "supplier_name": "Baldor Specialty Foods",
      "unit_size": "165 CT CTN",
      "unit_type": "case",
      "wholesale_price": 51.5,
      "retail_price": 51.5,
      "retail_unit_type": "each",
      "retail_unit_size": "1",
      "retail_pack_size": "1",
      "retail_price_per_unit": 0.31,
      "retail_display": "$0.31/each",
      "is_organic": false,
      "is_gluten_free": true,
      "is_vegan": true,
      "is_kosher": false,
      "is_non_gmo": false,
      "is_local": false,
      "is_imported": false,
      "search_terms": [
        "citrus",
        "sunkist",
        "fruit",
        "165",
        "lemons",
        "produce"
      ],
      "upc": null,
      "processed_at": "2025-06-25T12:36:12.971534"
    },
    {
      "sku": "BALDOR_HE",
      "supplier_sku": "HE",
      "name": "TOMATO HEIRLOOM SINGLE 10 LB",
      "category": "Produce/Vegetables/Tomatoes",
      "brand": "Baldor",
      "supplier_id": "BALD001",
      "supplier_name": "Baldor Specialty Foods",
      "unit_size": "10 LB CTN",
      "unit_type": "case",
      "wholesale_price": 31.75,
      "retail_price": 31.75,
      "retail_unit_type": "lb",
      "retail_unit_size": "1",
      "retail_pack_size": "1",
      "retail_price_per_unit": 3.17,
      "retail_display": "$3.17/lb",
      "is_organic": false,
      "is_gluten_free": true,
      "is_vegan": true,
      "is_kosher": false,
      "is_non_gmo": false,
      "is_local": false,
      "is_imported": false,
      "search_terms": [
        "heirloom",
        "tomato",
        "vegetables",
        "single",
        "produce",
        "tomatoes"
      ],
      "upc": null,
      "processed_at": "2025-06-25T12:36:12.971541"
    },
    {
      "sku": "BALDOR_L1",
      "supplier_sku": "L1",
      "name": "LEMONS CHOICE 140 CT",
      "category": "Produce/Fruit/Citrus",
      "brand": "Baldor",
      "supplier_id": "BALD001",
      "supplier_name": "Baldor Specialty Foods",
      "unit_size": "140 CT CTN",
      "unit_type": "case",
      "wholesale_price": 34.75,
      "retail_price": 34.75,
      "retail_unit_type": "each",
      "retail_unit_size": "1",
      "retail_pack_size": "1",
      "retail_price_per_unit": 0.25,
      "retail_display": "$0.25/each",
      "is_organic": false,
      "is_gluten_free": true,
      "is_vegan": true,
      "is_kosher": false,
      "is_non_gmo": false,
      "is_local": false,
      "is_imported": false,
      "search_terms": [
        "citrus",
        "choice",
        "fruit",
        "lemons",
        "produce",
        "140"
      ],
      "upc": null,
      "processed_at": "2025-06-25T12:36:12.971549"
    },
    {
      "sku": "BALDOR_HE1A",
      "supplier_sku": "HE1A",
      "name": "TOMATO CHERRY MIX 12X1 PT",
      "category": "Produce/Vegetables/Tomatoes",
      "brand": "Baldor",
      "supplier_id": "BALD001",
      "supplier_name": "Baldor Specialty Foods",
      "unit_size": "1 PT CTN",
      "unit_type": "case",
      "wholesale_price": 30.0,
      "retail_price": 30.0,
      "retail_unit_type": "case",
      "retail_unit_size": "1 PT CTN",
      "retail_pack_size": "1",
      "retail_price_per_unit": 30.0,
      "retail_display": "$30.00/case",
      "is_organic": false,
      "is_gluten_free": true,
      "is_vegan": true,
      "is_kosher": false,
      "is_non_gmo": false,
      "is_local": false,
      "is_imported": false,
      "search_terms": [
        "tomato",
        "vegetables",
        "produce",
        "12x1",
        "tomatoes",
        "cherry",
        "mix"
      ],
      "upc": null,
      "processed_at": "2025-06-25T12:36:12.971558"
    },
    {
      "sku": "BALDOR_L30",
      "supplier_sku": "L30",
      "name": "LEMONS CHOICE 200 CT",
      "category": "Produce/Fruit/Citrus",
      "brand": "Baldor",
      "supplier_id": "BALD001",
      "supplier_name": "Baldor Specialty Foods",
      "unit_size": "200 CT CTN",
      "unit_type": "case",
      "wholesale_price": 34.75,
      "retail_price": 34.75,
      "retail_unit_type": "each",
      "retail_unit_size": "1",
      "retail_pack_size": "1",
      "retail_price_per_unit": 0.17,
      "retail_display": "$0.17/each",
      "is_organic": false,
      "is_gluten_free": true,
      "is_vegan": true,
      "is_kosher": false,
      "is_non_gmo": false,
      "is_local": false,
      "is_imported": false,
      "search_terms": [
        "citrus",
        "choice",
        "fruit",
        "lemons",
        "produce",
        "200"
      ],
      "upc": null,
      "processed_at": "2025-06-25T12:36:12.971566"
    },
    {
      "sku": "BALDOR_HE4",
      "supplier_sku": "HE4",
      "name": "TOMATO HEIRLOOM KUMATO 10X1 LB",
      "category": "Produce/Vegetables/Tomatoes",
      "brand": "Baldor",
      "supplier_id": "BALD001",
      "supplier_name": "Baldor Specialty Foods",
      "unit_size": "16 OZ CTN",
      "unit_type": "case",
      "wholesale_price": 32.5,
      "retail_price": 32.5,
      "retail_unit_type": "oz",
      "retail_unit_size": "1",
      "retail_pack_size": "1",
      "retail_price_per_unit": 2.03,
      "retail_display": "$2.03/oz",
      "is_organic": false,
      "is_gluten_free": true,
      "is_vegan": true,
      "is_kosher": false,
      "is_non_gmo": false,
      "is_local": false,
      "is_imported": false,
      "search_terms": [
        "heirloom",
        "tomato",
        "vegetables",
        "kumato",
        "10x1",
        "produce",
        "tomatoes"
      ],
      "upc": null,
      "processed_at": "2025-06-25T12:36:12.971578"
    },
    {
      "sku": "BALDOR_L4",
      "supplier_sku": "L4",
      "name": "LEMONS CHOICE 95 CT",
      "category": "Produce/Fruit/Citrus",
      "brand": "Baldor",
      "supplier_id": "BALD001",
      "supplier_name": "Baldor Specialty Foods",
      "unit_size": "95 CT CTN",
      "unit_type": "case",
      "wholesale_price": 34.75,
      "retail_price": 34.75,
      "retail_unit_type": "each",
      "retail_unit_size": "1",
      "retail_pack_size": "1",
      "retail_price_per_unit": 0.37,
      "retail_display": "$0.37/each",
      "is_organic": false,
      "is_gluten_free": true,
      "is_vegan": true,
      "is_kosher": false,
      "is_non_gmo": false,
      "is_local": false,
      "is_imported": false,
      "search_terms": [
        "citrus",
        "choice",
        "fruit",
        "lemons",
        "produce"
      ],
      "upc": null,
      "processed_at": "2025-06-25T12:36:12.971586"
    },
    {
      "sku": "BALDOR_TO",
      "supplier_sku": "TO",
      "name": "TOMATO PLUM X LARGE RED RIPE 25 LB",
      "category": "Produce/Vegetables/Tomatoes",
      "brand": "Baldor",
      "supplier_id": "BALD001",
      "supplier_name": "Baldor Specialty Foods",
      "unit_size": "25 LB CTN",
      "unit_type": "case",
      "wholesale_price": 21.25,
      "retail_price": 21.25,
      "retail_unit_type": "lb",
      "retail_unit_size": "1",
      "retail_pack_size": "1",
      "retail_price_per_unit": 0.85,
      "retail_display": "$0.85/lb",
      "is_organic": false,
      "is_gluten_free": true,
      "is_vegan": true,
      "is_kosher": false,
      "is_non_gmo": false,
      "is_local": false,
      "is_imported": false,
      "search_terms": [
        "plum",
        "large",
        "tomato",
        "vegetables",
        "red",
        "produce",
        "tomatoes",
        "ripe"
      ],
      "upc": null,
      "processed_at": "2025-06-25T12:36:12.971593"
    },
    {
      "sku": "BALDOR_L40",
      "supplier_sku": "L40",
      "name": "LEMONS 95 CT FANCY SUNKIST",
      "category": "Produce/Fruit/Citrus",
      "brand": "Baldor",
      "supplier_id": "BALD001",
      "supplier_name": "Baldor Specialty Foods",
      "unit_size": "95 CT CTN",
      "unit_type": "case",
      "wholesale_price": 48.75,
      "retail_price": 48.75,
      "retail_unit_type": "each",
      "retail_unit_size": "1",
      "retail_pack_size": "1",
      "retail_price_per_unit": 0.51,
      "retail_display": "$0.51/each",
      "is_organic": false,
      "is_gluten_free": true,
      "is_vegan": true,
      "is_kosher": false,
      "is_non_gmo": false,
      "is_local": false,
      "is_imported": false,
      "search_terms": [
        "citrus",
        "sunkist",
        "fruit",
        "fancy",
        "lemons",
        "produce"
      ],
      "upc": null,
      "processed_at": "2025-06-25T12:36:12.971601"
    },
    {
      "sku": "BALDOR_TO1",
      "supplier_sku": "TO1",
      "name": "TOMATO 5X6 25 LB",
      "category": "Produce/Vegetables/Tomatoes",
      "brand": "Baldor",
      "supplier_id": "BALD001",
      "supplier_name": "Baldor Specialty Foods",
      "unit_size": "25 LB CTN",
      "unit_type": "case",
      "wholesale_price": 23.0,
      "retail_price": 23.0,
      "retail_unit_type": "lb",
      "retail_unit_size": "1",
      "retail_pack_size": "1",
      "retail_price_per_unit": 0.92,
      "retail_display": "$0.92/lb",
      "is_organic": false,
      "is_gluten_free": true,
      "is_vegan": true,
      "is_kosher": false,
      "is_non_gmo": false,
      "is_local": false,
      "is_imported": false,
      "search_terms": [
        "tomato",
        "vegetables",
        "produce",
        "5x6",
        "tomatoes"
      ],
      "upc": null,
      "processed_at": "2025-06-25T12:36:12.971607"
    },
    {
      "sku": "BALDOR_L4B",
      "supplier_sku": "L4B",
      "name": "LEMONS MEYER 10 LB",
      "category": "Produce/Fruit/Citrus",
      "brand": "Baldor",
      "supplier_id": "BALD001",
      "supplier_name": "Baldor Specialty Foods",
      "unit_size": "10 LB CTN",
      "unit_type": "case",
      "wholesale_price": 28.25,
      "retail_price": 28.25,
      "retail_unit_type": "lb",
      "retail_unit_size": "1",
      "retail_pack_size": "1",
      "retail_price_per_unit": 2.83,
      "retail_display": "$2.83/lb",
      "is_organic": false,
      "is_gluten_free": true,
      "is_vegan": true,
      "is_kosher": false,
      "is_non_gmo": false,
      "is_local": false,
      "is_imported": false,
      "search_terms": [
        "citrus",
        "fruit",
        "lemons",
        "meyer",
        "produce"
      ],
      "upc": null,
      "processed_at": "2025-06-25T12:36:12.971614"
    },
    {
      "sku": "BALDOR_TO1BA",
      "supplier_sku": "TO1BA",
      "name": "TOMATO 4X5 2 LYR",
      "category": "Produce/Vegetables/Tomatoes",
      "brand": "Baldor",
      "supplier_id": "BALD001",
      "supplier_name": "Baldor Specialty Foods",
      "unit_size": "2 LYR CTN",
      "unit_type": "case",
      "wholesale_price": 23.0,
      "retail_price": 23.0,
      "retail_unit_type": "case",
      "retail_unit_size": "2 LYR CTN",
      "retail_pack_size": "1",
      "retail_price_per_unit": 23.0,
      "retail_display": "$23.00/case",
      "is_organic": false,
      "is_gluten_free": true,
      "is_vegan": true,
      "is_kosher": false,
      "is_non_gmo": false,
      "is_local": false,
      "is_imported": false,
      "search_terms": [
        "lyr",
        "tomato",
        "vegetables",
        "produce",
        "tomatoes",
        "4x5"
      ],
      "upc": null,
      "processed_at": "2025-06-25T12:36:12.971622"
    },
    {
      "sku": "BALDOR_LI",
      "supplier_sku": "LI",
      "name": "LIMES PONY 54 CT",
      "category": "Produce/Fruit/Citrus",
      "brand": "Baldor",
      "supplier_id": "BALD001",
      "supplier_name": "Baldor Specialty Foods",
      "unit_size": "54 CT CTN",
      "unit_type": "case",
      "wholesale_price": 18.5,
      "retail_price": 18.5,
      "retail_unit_type": "each",
      "retail_unit_size": "1",
      "retail_pack_size": "1",
      "retail_price_per_unit": 0.34,
      "retail_display": "$0.34/each",
      "is_organic": false,
      "is_gluten_free": true,
      "is_vegan": true,
      "is_kosher": false,
      "is_non_gmo": false,
      "is_local": false,
      "is_imported": false,
      "search_terms": [
        "limes",
        "citrus",
        "fruit",
        "pony",
        "produce"
      ],
      "upc": null,
      "processed_at": "2025-06-25T12:36:12.971630"
    },
    {
      "sku": "BALDOR_TO1C",
      "supplier_sku": "TO1C",
      "name": "TOMATO 4x4 VINE RIPENED",
      "category": "Produce/Vegetables/Tomatoes",
      "brand": "Baldor",
      "supplier_id": "BALD001",
      "supplier_name": "Baldor Specialty Foods",
      "unit_size": "2 LYR CTN",
      "unit_type": "case",
      "wholesale_price": 23.0,
      "retail_price": 23.0,
      "retail_unit_type": "case",
      "retail_unit_size": "2 LYR CTN",
      "retail_pack_size": "1",
      "retail_price_per_unit": 23.0,
      "retail_display": "$23.00/case",
      "is_organic": false,
      "is_gluten_free": true,
      "is_vegan": true,
      "is_kosher": false,
      "is_non_gmo": false,
      "is_local": false,
      "is_imported": false,
      "search_terms": [
        "tomato",
        "4x4",
        "vegetables",
        "produce",
        "ripened",
        "tomatoes",
        "vine"
      ],
      "upc": null,
      "processed_at": "2025-06-25T12:36:12.971638"
    },
    {
      "sku": "BALDOR_LI0",
      "supplier_sku": "LI0",
      "name": "WHOLE BLACK DRIED LIMES 20 X 4 OZ",
      "category": "Produce/Fruit/Citrus",
      "brand": "Baldor",
      "supplier_id": "BALD001",
      "supplier_name": "Baldor Specialty Foods",
      "unit_size": "20 X 4 OZ CTN",
      "unit_type": "case",
      "wholesale_price": 96.75,
      "retail_price": 96.75,
      "retail_unit_type": "oz",
      "retail_unit_size": "1",
      "retail_pack_size": "1",
      "retail_price_per_unit": 24.19,
      "retail_display": "$24.19/oz",
      "is_organic": false,
      "is_gluten_free": true,
      "is_vegan": true,
      "is_kosher": false,
      "is_non_gmo": false,
      "is_local": false,
      "is_imported": false,
      "search_terms": [
        "limes",
        "citrus",
        "fruit",
        "whole",
        "produce",
        "dried",
        "black"
      ],
      "upc": null,
      "processed_at": "2025-06-25T12:36:12.971647"
    },
    {
      "sku": "BALDOR_TO3C",
      "supplier_sku": "TO3C",
      "name": "TOMATO BEEFSTEAK LARGE 1 LYR 15 LB",
      "category": "Produce/Vegetables/Tomatoes",
      "brand": "Baldor",
      "supplier_id": "BALD001",
      "supplier_name": "Baldor Specialty Foods",
      "unit_size": "15 LB CTN",
      "unit_type": "case",
      "wholesale_price": 23.5,
      "retail_price": 23.5,
      "retail_unit_type": "lb",
      "retail_unit_size": "1",
      "retail_pack_size": "1",
      "retail_price_per_unit": 1.57,
      "retail_display": "$1.57/lb",
      "is_organic": false,
      "is_gluten_free": true,
      "is_vegan": true,
      "is_kosher": false,
      "is_non_gmo": false,
      "is_local": false,
      "is_imported": false,
      "search_terms": [
        "lyr",
        "large",
        "tomato",
        "vegetables",
        "produce",
        "tomatoes",
        "beefsteak"
      ],
      "upc": null,
      "processed_at": "2025-06-25T12:36:12.971654"
    },
    {
      "sku": "BALDOR_LI1",
      "supplier_sku": "LI1",
      "name": "LIMES PONY 48 CT",
      "category": "Produce/Fruit/Citrus",
      "brand": "Baldor",
      "supplier_id": "BALD001",
      "supplier_name": "Baldor Specialty Foods",
      "unit_size": "48 CT CTN",
      "unit_type": "case",
      "wholesale_price": 18.5,
      "retail_price": 18.5,
      "retail_unit_type": "each",
      "retail_unit_size": "1",
      "retail_pack_size": "1",
      "retail_price_per_unit": 0.39,
      "retail_display": "$0.39/each",
      "is_organic": false,
      "is_gluten_free": true,
      "is_vegan": true,
      "is_kosher": false,
      "is_non_gmo": false,
      "is_local": false,
      "is_imported": false,
      "search_terms": [
        "limes",
        "citrus",
        "fruit",
        "pony",
        "produce"
      ],
      "upc": null,
      "processed_at": "2025-06-25T12:36:12.971662"
    },
    {
      "sku": "BALDOR_TO4",
      "supplier_sku": "TO4",
      "name": "TOMATO GRAPE SUGAR BOMBS 8X12 OZ SUNSET",
      "category": "Produce/Vegetables/Tomatoes",
      "brand": "Baldor",
      "supplier_id": "BALD001",
      "supplier_name": "Baldor Specialty Foods",
      "unit_size": "12 OZ CTN",
      "unit_type": "case",
      "wholesale_price": 34.25,
      "retail_price": 34.25,
      "retail_unit_type": "oz",
      "retail_unit_size": "1",
      "retail_pack_size": "1",
      "retail_price_per_unit": 2.85,
      "retail_display": "$2.85/oz",
      "is_organic": false,
      "is_gluten_free": true,
      "is_vegan": true,
      "is_kosher": false,
      "is_non_gmo": false,
      "is_local": false,
      "is_imported": false,
      "search_terms": [
        "tomato",
        "sugar",
        "vegetables",
        "8x12",
        "produce",
        "tomatoes",
        "sunset",
        "bombs",
        "grape"
      ],
      "upc": null,
      "processed_at": "2025-06-25T12:36:12.971670"
    },
    {
      "sku": "BALDOR_LI1A",
      "supplier_sku": "LI1A",
      "name": "PERSIAN LIMES 36 CT",
      "category": "Produce/Fruit/Citrus",
      "brand": "Baldor",
      "supplier_id": "BALD001",
      "supplier_name": "Baldor Specialty Foods",
      "unit_size": "36 C T CTN",
      "unit_type": "case",
      "wholesale_price": 18.5,
      "retail_price": 18.5,
      "retail_unit_type": "case",
      "retail_unit_size": "36 C T CTN",
      "retail_pack_size": "1",
      "retail_price_per_unit": 18.5,
      "retail_display": "$18.50/case",
      "is_organic": false,
      "is_gluten_free": true,
      "is_vegan": true,
      "is_kosher": false,
      "is_non_gmo": false,
      "is_local": false,
      "is_imported": false,
      "search_terms": [
        "limes",
        "citrus",
        "persian",
        "fruit",
        "produce"
      ],
      "upc": null,
      "processed_at": "2025-06-25T12:36:12.971679"
    },
    {
      "sku": "BALDOR_TO4A",
      "supplier_sku": "TO4A",
      "name": "TOMATO CHERRY HONEY BOMBS 8X12 OZ SUNSET",
      "category": "Produce/Vegetables/Tomatoes",
      "brand": "Baldor",
      "supplier_id": "BALD001",
      "supplier_name": "Baldor Specialty Foods",
      "unit_size": "12 OZ CTN",
      "unit_type": "case",
      "wholesale_price": 34.0,
      "retail_price": 34.0,
      "retail_unit_type": "oz",
      "retail_unit_size": "1",
      "retail_pack_size": "1",
      "retail_price_per_unit": 2.83,
      "retail_display": "$2.83/oz",
      "is_organic": false,
      "is_gluten_free": true,
      "is_vegan": true,
      "is_kosher": false,
      "is_non_gmo": false,
      "is_local": false,
      "is_imported": false,
      "search_terms": [
        "tomato",
        "vegetables",
        "8x12",
        "produce",
        "tomatoes",
        "sunset",
        "cherry",
        "honey",
        "bombs"
      ],
      "upc": null,
      "processed_at": "2025-06-25T12:36:12.971687"
    },
    {
      "sku": "BALDOR_LI1D",
      "supplier_sku": "LI1D",
      "name": "PERSIAN LIMES 110 CT",
      "category": "Produce/Fruit/Citrus",
      "brand": "Baldor",
      "supplier_id": "BALD001",
      "supplier_name": "Baldor Specialty Foods",
      "unit_size": "110 CT CTN",
      "unit_type": "case",
      "wholesale_price": 56.75,
      "retail_price": 56.75,
      "retail_unit_type": "each",
      "retail_unit_size": "1",
      "retail_pack_size": "1",
      "retail_price_per_unit": 0.52,
      "retail_display": "$0.52/each",
      "is_organic": false,
      "is_gluten_free": true,
      "is_vegan": true,
      "is_kosher": false,
      "is_non_gmo": false,
      "is_local": false,
      "is_imported": false,
      "search_terms": [
        "limes",
        "citrus",
        "persian",
        "fruit",
        "110",
        "produce"
      ],
      "upc": null,
      "processed_at": "2025-06-25T12:36:12.971695"
    },
    {
      "sku": "BALDOR_TO4BBB",
      "supplier_sku": "TO4BBB",
      "name": "BAHAMA BOMBS CHERRY TOMATOES ON THE VINE 8 X 12 OZ",
      "category": "Produce/Vegetables/Tomatoes",
      "brand": "Baldor",
      "supplier_id": "BALD001",
      "supplier_name": "Baldor Specialty Foods",
      "unit_size": "8 X 12 OZ CTN",
      "unit_type": "case",
      "wholesale_price": 34.25,
      "retail_price": 34.25,
      "retail_unit_type": "oz",
      "retail_unit_size": "1",
      "retail_pack_size": "1",
      "retail_price_per_unit": 2.85,
      "retail_display": "$2.85/oz",
      "is_organic": false,
      "is_gluten_free": true,
      "is_vegan": true,
      "is_kosher": false,
      "is_non_gmo": false,
      "is_local": false,
      "is_imported": false,
      "search_terms": [
        "bahama",
        "vegetables",
        "produce",
        "tomatoes",
        "vine",
        "cherry",
        "bombs"
      ],
      "upc": null,
      "processed_at": "2025-06-25T12:36:12.971705"
    },
    {
      "sku": "BALDOR_LI2",
      "supplier_sku": "LI2",
      "name": "LIMES BIG BOX 175 CT",
      "category": "Produce/Fruit/Citrus",
      "brand": "Baldor",
      "supplier_id": "BALD001",
      "supplier_name": "Baldor Specialty Foods",
      "unit_size": "175 CT CTN",
      "unit_type": "case",
      "wholesale_price": 55.0,
      "retail_price": 55.0,
      "retail_unit_type": "each",
      "retail_unit_size": "1",
      "retail_pack_size": "1",
      "retail_price_per_unit": 0.31,
      "retail_display": "$0.31/each",
      "is_organic": false,
      "is_gluten_free": true,
      "is_vegan": true,
      "is_kosher": false,
      "is_non_gmo": false,
      "is_local": false,
      "is_imported": false,
      "search_terms": [
        "limes",
        "citrus",
        "big",
        "fruit",
        "175",
        "box",
        "produce"
      ],
      "upc": null,
      "processed_at": "2025-06-25T12:36:12.971713"
    },
    {
      "sku": "BALDOR_TO4C",
      "supplier_sku": "TO4C",
      "name": "TOMATO CHERRY LOLLI BOMBS 8X12 OZ SUNSET",
      "category": "Produce/Vegetables/Tomatoes",
      "brand": "Baldor",
      "supplier_id": "BALD001",
      "supplier_name": "Baldor Specialty Foods",
      "unit_size": "12 OZ CTN",
      "unit_type": "case",
      "wholesale_price": 34.0,
      "retail_price": 34.0,
      "retail_unit_type": "oz",
      "retail_unit_size": "1",
      "retail_pack_size": "1",
      "retail_price_per_unit": 2.83,
      "retail_display": "$2.83/oz",
      "is_organic": false,
      "is_gluten_free": true,
      "is_vegan": true,
      "is_kosher": false,
      "is_non_gmo": false,
      "is_local": false,
      "is_imported": false,
      "search_terms": [
        "lolli",
        "tomato",
        "vegetables",
        "8x12",
        "produce",
        "tomatoes",
        "sunset",
        "cherry",
        "bombs"
      ],
      "upc": null,
      "processed_at": "2025-06-25T12:36:12.971721"
    },
    {
      "sku": "BALDOR_LI2A",
      "supplier_sku": "LI2A",
      "name": "LIMES BIG BOX 200-230 CT",
      "category": "Produce/Fruit/Citrus",
      "brand": "Baldor",
      "supplier_id": "BALD001",
      "supplier_name": "Baldor Specialty Foods",
      "unit_size": "200-230 CT CTN",
      "unit_type": "case",
      "wholesale_price": 56.75,
      "retail_price": 56.75,
      "retail_unit_type": "each",
      "retail_unit_size": "1",
      "retail_pack_size": "1",
      "retail_price_per_unit": 0.25,
      "retail_display": "$0.25/each",
      "is_organic": false,
      "is_gluten_free": true,
      "is_vegan": true,
      "is_kosher": false,
      "is_non_gmo": false,
      "is_local": false,
      "is_imported": false,
      "search_terms": [
        "limes",
        "citrus",
        "big",
        "fruit",
        "230",
        "box",
        "produce",
        "200"
      ],
      "upc": null,
      "processed_at": "2025-06-25T12:36:12.971730"
    },
    {
      "sku": "BALDOR_TO5",
      "supplier_sku": "TO5",
      "name": "TOMATO ON VINE MEDIUM 11 LB BACKYARD LCL",
      "category": "Produce/Vegetables/Tomatoes",
      "brand": "Baldor",
      "supplier_id": "BALD001",
      "supplier_name": "Baldor Specialty Foods",
      "unit_size": "11 LB CTN",
      "unit_type": "case",
      "wholesale_price": 28.25,
      "retail_price": 28.25,
      "retail_unit_type": "lb",
      "retail_unit_size": "1",
      "retail_pack_size": "1",
      "retail_price_per_unit": 2.57,
      "retail_display": "$2.57/lb",
      "is_organic": false,
      "is_gluten_free": true,
      "is_vegan": true,
      "is_kosher": false,
      "is_non_gmo": false,
      "is_local": true,
      "is_imported": false,
      "search_terms": [
        "tomato",
        "backyard",
        "vegetables",
        "produce",
        "tomatoes",
        "vine",
        "medium",
        "lcl"
      ],
      "upc": null,
      "processed_at": "2025-06-25T12:36:12.971738"
    },
    {
      "sku": "BALDOR_LI3AA",
      "supplier_sku": "LI3AA",
      "name": "MAKRUT (KAFFIR) LIMES 10 LBS",
      "category": "Produce/Fruit/Citrus",
      "brand": "Baldor",
      "supplier_id": "BALD001",
      "supplier_name": "Baldor Specialty Foods",
      "unit_size": "10 LBS CTN",
      "unit_type": "case",
      "wholesale_price": 41.5,
      "retail_price": 41.5,
      "retail_unit_type": "lb",
      "retail_unit_size": "1",
      "retail_pack_size": "1",
      "retail_price_per_unit": 4.15,
      "retail_display": "$4.15/lb",
      "is_organic": false,
      "is_gluten_free": true,
      "is_vegan": true,
      "is_kosher": false,
      "is_non_gmo": false,
      "is_local": false,
      "is_imported": false,
      "search_terms": [
        "lbs",
        "limes",
        "citrus",
        "(kaffir)",
        "fruit",
        "produce",
        "makrut"
      ],
      "upc": null,
      "processed_at": "2025-06-25T12:36:12.971745"
    },
    {
      "sku": "BALDOR_TO5D",
      "supplier_sku": "TO5D",
      "name": "BACKYAD FARMS COCKTAIL ON THE VINE 12 X 10OZ",
      "category": "Produce/Other",
      "brand": "Baldor",
      "supplier_id": "BALD001",
      "supplier_name": "Baldor Specialty Foods",
      "unit_size": "12 X 10 OZ CTN",
      "unit_type": "case",
      "wholesale_price": 34.25,
      "retail_price": 34.25,
      "retail_unit_type": "oz",
      "retail_unit_size": "1",
      "retail_pack_size": "1",
      "retail_price_per_unit": 3.42,
      "retail_display": "$3.42/oz",
      "is_organic": false,
      "is_gluten_free": true,
      "is_vegan": true,
      "is_kosher": false,
      "is_non_gmo": false,
      "is_local": false,
      "is_imported": false,
      "search_terms": [
        "10oz",
        "farms",
        "cocktail",
        "other",
        "produce",
        "backyad",
        "vine"
      ],
      "upc": null,
      "processed_at": "2025-06-25T12:36:12.971759"
    },
    {
      "sku": "BALDOR_TO5C",
      "supplier_sku": "TO5C",
      "name": "TOMATO ON VINE 11 LB",
      "category": "Produce/Vegetables/Tomatoes",
      "brand": "Baldor",
      "supplier_id": "BALD001",
      "supplier_name": "Baldor Specialty Foods",
      "unit_size": "11 LB CTN",
      "unit_type": "case",
      "wholesale_price": 18.25,
      "retail_price": 18.25,
      "retail_unit_type": "lb",
      "retail_unit_size": "1",
      "retail_pack_size": "1",
      "retail_price_per_unit": 1.66,
      "retail_display": "$1.66/lb",
      "is_organic": false,
      "is_gluten_free": true,
      "is_vegan": true,
      "is_kosher": false,
      "is_non_gmo": false,
      "is_local": false,
      "is_imported": false,
      "search_terms": [
        "tomato",
        "vegetables",
        "produce",
        "tomatoes",
        "vine"
      ],
      "upc": null,
      "processed_at": "2025-06-25T12:36:12.971765"
    },
    {
      "sku": "BALDOR_TO5D1",
      "supplier_sku": "TO5D1",
      "name": "TOMATO CHERRY ON VINE LOOSE 10 LB",
      "category": "Produce/Vegetables/Tomatoes",
      "brand": "Baldor",
      "supplier_id": "BALD001",
      "supplier_name": "Baldor Specialty Foods",
      "unit_size": "10 LB CTN",
      "unit_type": "case",
      "wholesale_price": 41.25,
      "retail_price": 41.25,
      "retail_unit_type": "lb",
      "retail_unit_size": "1",
      "retail_pack_size": "1",
      "retail_price_per_unit": 4.12,
      "retail_display": "$4.12/lb",
      "is_organic": false,
      "is_gluten_free": true,
      "is_vegan": true,
      "is_kosher": false,
      "is_non_gmo": false,
      "is_local": false,
      "is_imported": false,
      "search_terms": [
        "tomato",
        "loose",
        "vegetables",
        "produce",
        "tomatoes",
        "vine",
        "cherry"
      ],
      "upc": null,
      "processed_at": "2025-06-25T12:36:12.971773"
    },
    {
      "sku": "BALDOR_LI7",
      "supplier_sku": "LI7",
      "name": "LIMES KEY 12X1 LB",
      "category": "Produce/Fruit/Citrus",
      "brand": "Baldor",
      "supplier_id": "BALD001",
      "supplier_name": "Baldor Specialty Foods",
      "unit_size": "1 LB CTN",
      "unit_type": "case",
      "wholesale_price": 37.75,
      "retail_price": 37.75,
      "retail_unit_type": "lb",
      "retail_unit_size": "1",
      "retail_pack_size": "1",
      "retail_price_per_unit": 37.75,
      "retail_display": "$37.75/lb",
      "is_organic": false,
      "is_gluten_free": true,
      "is_vegan": true,
      "is_kosher": false,
      "is_non_gmo": false,
      "is_local": false,
      "is_imported": false,
      "search_terms": [
        "limes",
        "citrus",
        "fruit",
        "key",
        "produce",
        "12x1"
      ],
      "upc": null,
      "processed_at": "2025-06-25T12:36:12.971780"
    },
    {
      "sku": "BALDOR_TO5I",
      "supplier_sku": "TO5I",
      "name": "TOMATO CAMPARI 10X1 LB",
      "category": "Produce/Vegetables/Tomatoes",
      "brand": "Baldor",
      "supplier_id": "BALD001",
      "supplier_name": "Baldor Specialty Foods",
      "unit_size": "1 LB CTN",
      "unit_type": "case",
      "wholesale_price": 22.0,
      "retail_price": 22.0,
      "retail_unit_type": "lb",
      "retail_unit_size": "1",
      "retail_pack_size": "1",
      "retail_price_per_unit": 22.0,
      "retail_display": "$22.00/lb",
      "is_organic": false,
      "is_gluten_free": true,
      "is_vegan": true,
      "is_kosher": false,
      "is_non_gmo": false,
      "is_local": false,
      "is_imported": false,
      "search_terms": [
        "tomato",
        "vegetables",
        "10x1",
        "campari",
        "produce",
        "tomatoes"
      ],
      "upc": null,
      "processed_at": "2025-06-25T12:36:12.971786"
    },
    {
      "sku": "BALDOR_LI91S",
      "supplier_sku": "LI91S",
      "name": "LIMES FINGER 5 OZ SHANLEY FARMS\nBERNARD RANCHES LISBON LEMONS 12 X 2 LBS",
      "category": "Produce/Fruit/Citrus",
      "brand": "Baldor",
      "supplier_id": "BALD001",
      "supplier_name": "Baldor Specialty Foods",
      "unit_size": "5 OZ EACH",
      "unit_type": "case",
      "wholesale_price": 22.75,
      "retail_price": 22.75,
      "retail_unit_type": "oz",
      "retail_unit_size": "1",
      "retail_pack_size": "1",
      "retail_price_per_unit": 4.55,
      "retail_display": "$4.55/oz",
      "is_organic": false,
      "is_gluten_free": true,
      "is_vegan": true,
      "is_kosher": false,
      "is_non_gmo": false,
      "is_local": false,
      "is_imported": false,
      "search_terms": [
        "limes",
        "lbs",
        "citrus",
        "fruit",
        "farms",
        "lemons",
        "lisbon",
        "finger",
        "produce",
        "shanley",
        "ranches",
        "bernard"
      ],
      "upc": null,
      "processed_at": "2025-06-25T12:36:12.971797"
    },
    {
      "sku": "BALDOR_TO5NS",
      "supplier_sku": "TO5NS",
      "name": "TOMATO CHERRY ON THE VINE D'VINES 12X9 OZ NATURESWEET",
      "category": "Produce/Vegetables/Tomatoes",
      "brand": "Baldor",
      "supplier_id": "BALD001",
      "supplier_name": "Baldor Specialty Foods",
      "unit_size": "9 OZ CTN",
      "unit_type": "case",
      "wholesale_price": 33.5,
      "retail_price": 33.5,
      "retail_unit_type": "oz",
      "retail_unit_size": "1",
      "retail_pack_size": "1",
      "retail_price_per_unit": 3.72,
      "retail_display": "$3.72/oz",
      "is_organic": false,
      "is_gluten_free": true,
      "is_vegan": true,
      "is_kosher": false,
      "is_non_gmo": false,
      "is_local": false,
      "is_imported": false,
      "search_terms": [
        "tomato",
        "12x9",
        "vegetables",
        "d'vines",
        "produce",
        "tomatoes",
        "vine",
        "cherry",
        "naturesweet"
      ],
      "upc": null,
      "processed_at": "2025-06-25T12:36:12.971805"
    },
    {
      "sku": "BALDOR_TO6",
      "supplier_sku": "TO6",
      "name": "TOMATO CHERRY RED 12X1 PT",
      "category": "Produce/Vegetables/Tomatoes",
      "brand": "Baldor",
      "supplier_id": "BALD001",
      "supplier_name": "Baldor Specialty Foods",
      "unit_size": "1 PT CTN",
      "unit_type": "case",
      "wholesale_price": 20.75,
      "retail_price": 20.75,
      "retail_unit_type": "case",
      "retail_unit_size": "1 PT CTN",
      "retail_pack_size": "1",
      "retail_price_per_unit": 20.75,
      "retail_display": "$20.75/case",
      "is_organic": false,
      "is_gluten_free": true,
      "is_vegan": true,
      "is_kosher": false,
      "is_non_gmo": false,
      "is_local": false,
      "is_imported": false,
      "search_terms": [
        "tomato",
        "vegetables",
        "red",
        "produce",
        "12x1",
        "tomatoes",
        "cherry"
      ],
      "upc": null,
      "processed_at": "2025-06-25T12:36:12.971814"
    },
    {
      "sku": "BALDOR_OR1",
      "supplier_sku": "OR1",
      "name": "FANCY NAVEL ORANGES 56 CT",
      "category": "Produce/Fruit/Citrus",
      "brand": "Baldor",
      "supplier_id": "BALD001",
      "supplier_name": "Baldor Specialty Foods",
      "unit_size": "56 CT CTN",
      "unit_type": "case",
      "wholesale_price": 41.0,
      "retail_price": 41.0,
      "retail_unit_type": "each",
      "retail_unit_size": "1",
      "retail_pack_size": "1",
      "retail_price_per_unit": 0.73,
      "retail_display": "$0.73/each",
      "is_organic": false,
      "is_gluten_free": true,
      "is_vegan": true,
      "is_kosher": false,
      "is_non_gmo": false,
      "is_local": false,
      "is_imported": false,
      "search_terms": [
        "citrus",
        "fruit",
        "fancy",
        "navel",
        "produce",
        "oranges"
      ],
      "upc": null,
      "processed_at": "2025-06-25T12:36:12.971822"
    },
    {
      "sku": "BALDOR_TO6AA",
      "supplier_sku": "TO6AA",
      "name": "TOMATO RED CHERRY GLORYS 15X10 OZ NATURESWEET",
      "category": "Produce/Vegetables/Tomatoes",
      "brand": "Baldor",
      "supplier_id": "BALD001",
      "supplier_name": "Baldor Specialty Foods",
      "unit_size": "10 OZ CTN",
      "unit_type": "case",
      "wholesale_price": 39.0,
      "retail_price": 39.0,
      "retail_unit_type": "oz",
      "retail_unit_size": "1",
      "retail_pack_size": "1",
      "retail_price_per_unit": 3.9,
      "retail_display": "$3.90/oz",
      "is_organic": false,
      "is_gluten_free": true,
      "is_vegan": true,
      "is_kosher": false,
      "is_non_gmo": false,
      "is_local": false,
      "is_imported": false,
      "search_terms": [
        "tomato",
        "glorys",
        "vegetables",
        "red",
        "produce",
        "tomatoes",
        "cherry",
        "naturesweet",
        "15x10"
      ],
      "upc": null,
      "processed_at": "2025-06-25T12:36:12.971830"
    },
    {
      "sku": "BALDOR_OR3",
      "supplier_sku": "OR3",
      "name": "FANCY NAVEL ORANGES 88 CT",
      "category": "Produce/Fruit/Citrus",
      "brand": "Baldor",
      "supplier_id": "BALD001",
      "supplier_name": "Baldor Specialty Foods",
      "unit_size": "88 CT CTN",
      "unit_type": "case",
      "wholesale_price": 43.5,
      "retail_price": 43.5,
      "retail_unit_type": "each",
      "retail_unit_size": "1",
      "retail_pack_size": "1",
      "retail_price_per_unit": 0.49,
      "retail_display": "$0.49/each",
      "is_organic": false,
      "is_gluten_free": true,
      "is_vegan": true,
      "is_kosher": false,
      "is_non_gmo": false,
      "is_local": false,
      "is_imported": false,
      "search_terms": [
        "citrus",
        "fruit",
        "fancy",
        "navel",
        "produce",
        "oranges"
      ],
      "upc": null,
      "processed_at": "2025-06-25T12:36:12.971838"
    },
    {
      "sku": "BALDOR_TO6F",
      "supplier_sku": "TO6F",
      "name": "TOMATO GRAPE RED 12X1 PT",
      "category": "Produce/Vegetables/Tomatoes",
      "brand": "Baldor",
      "supplier_id": "BALD001",
      "supplier_name": "Baldor Specialty Foods",
      "unit_size": "1 PT CTN",
      "unit_type": "case",
      "wholesale_price": 16.75,
      "retail_price": 16.75,
      "retail_unit_type": "case",
      "retail_unit_size": "1 PT CTN",
      "retail_pack_size": "1",
      "retail_price_per_unit": 16.75,
      "retail_display": "$16.75/case",
      "is_organic": false,
      "is_gluten_free": true,
      "is_vegan": true,
      "is_kosher": false,
      "is_non_gmo": false,
      "is_local": false,
      "is_imported": false,
      "search_terms": [
        "tomato",
        "vegetables",
        "red",
        "produce",
        "12x1",
        "tomatoes",
        "grape"
      ],
      "upc": null,
      "processed_at": "2025-06-25T12:36:12.971847"
    },
    {
      "sku": "BALDOR_OR5B2",
      "supplier_sku": "OR5B2",
      "name": "CLEMENTINES 10X3 LB",
      "category": "Produce/Other",
      "brand": "Baldor",
      "supplier_id": "BALD001",
      "supplier_name": "Baldor Specialty Foods",
      "unit_size": "3 LB CTN",
      "unit_type": "case",
      "wholesale_price": 41.5,
      "retail_price": 41.5,
      "retail_unit_type": "lb",
      "retail_unit_size": "1",
      "retail_pack_size": "1",
      "retail_price_per_unit": 13.83,
      "retail_display": "$13.83/lb",
      "is_organic": false,
      "is_gluten_free": true,
      "is_vegan": true,
      "is_kosher": false,
      "is_non_gmo": false,
      "is_local": false,
      "is_imported": false,
      "search_terms": [
        "clementines",
        "produce",
        "other",
        "10x3"
      ],
      "upc": null,
      "processed_at": "2025-06-25T12:36:12.971854"
    },
    {
      "sku": "BALDOR_TO6FAA",
      "supplier_sku": "TO6FAA",
      "name": "TOMATO GRAPE YELLOW 12 CT",
      "category": "Produce/Vegetables/Tomatoes",
      "brand": "Baldor",
      "supplier_id": "BALD001",
      "supplier_name": "Baldor Specialty Foods",
      "unit_size": "1 PT CTN",
      "unit_type": "case",
      "wholesale_price": 26.0,
      "retail_price": 26.0,
      "retail_unit_type": "case",
      "retail_unit_size": "1 PT CTN",
      "retail_pack_size": "1",
      "retail_price_per_unit": 26.0,
      "retail_display": "$26.00/case",
      "is_organic": false,
      "is_gluten_free": true,
      "is_vegan": true,
      "is_kosher": false,
      "is_non_gmo": false,
      "is_local": false,
      "is_imported": false,
      "search_terms": [
        "tomato",
        "vegetables",
        "produce",
        "tomatoes",
        "yellow",
        "grape"
      ],
      "upc": null,
      "processed_at": "2025-06-25T12:36:12.971862"
    },
    {
      "sku": "BALDOR_OR6",
      "supplier_sku": "OR6",
      "name": "ORANGES JUICING 100 SIZE",
      "category": "Produce/Fruit/Citrus",
      "brand": "Baldor",
      "supplier_id": "BALD001",
      "supplier_name": "Baldor Specialty Foods",
      "unit_size": "100 CT CTN",
      "unit_type": "case",
      "wholesale_price": 37.0,
      "retail_price": 37.0,
      "retail_unit_type": "each",
      "retail_unit_size": "1",
      "retail_pack_size": "1",
      "retail_price_per_unit": 0.37,
      "retail_display": "$0.37/each",
      "is_organic": false,
      "is_gluten_free": true,
      "is_vegan": true,
      "is_kosher": false,
      "is_non_gmo": false,
      "is_local": false,
      "is_imported": false,
      "search_terms": [
        "citrus",
        "size",
        "juicing",
        "fruit",
        "produce",
        "oranges",
        "100"
      ],
      "upc": null,
      "processed_at": "2025-06-25T12:36:12.971870"
    },
    {
      "sku": "BALDOR_TO6FAAA",
      "supplier_sku": "TO6FAAA",
      "name": "TOMATO GRAPE BULK 20 LB",
      "category": "Produce/Vegetables/Tomatoes",
      "brand": "Baldor",
      "supplier_id": "BALD001",
      "supplier_name": "Baldor Specialty Foods",
      "unit_size": "20 LB CTN",
      "unit_type": "case",
      "wholesale_price": 37.5,
      "retail_price": 37.5,
      "retail_unit_type": "lb",
      "retail_unit_size": "1",
      "retail_pack_size": "1",
      "retail_price_per_unit": 1.88,
      "retail_display": "$1.88/lb",
      "is_organic": false,
      "is_gluten_free": true,
      "is_vegan": true,
      "is_kosher": false,
      "is_non_gmo": false,
      "is_local": false,
      "is_imported": false,
      "search_terms": [
        "tomato",
        "vegetables",
        "bulk",
        "produce",
        "tomatoes",
        "grape"
      ],
      "upc": null,
      "processed_at": "2025-06-25T12:36:12.971877"
    },
    {
      "sku": "BALDOR_OR62RT",
      "supplier_sku": "OR62RT",
      "name": "ORANGES NAVEL FCY 40-48 CT",
      "category": "Produce/Fruit/Citrus",
      "brand": "Baldor",
      "supplier_id": "BALD001",
      "supplier_name": "Baldor Specialty Foods",
      "unit_size": "40-48 CT CTN",
      "unit_type": "case",
      "wholesale_price": 39.75,
      "retail_price": 39.75,
      "retail_unit_type": "each",
      "retail_unit_size": "1",
      "retail_pack_size": "1",
      "retail_price_per_unit": 0.83,
      "retail_display": "$0.83/each",
      "is_organic": false,
      "is_gluten_free": true,
      "is_vegan": true,
      "is_kosher": false,
      "is_non_gmo": false,
      "is_local": false,
      "is_imported": false,
      "search_terms": [
        "citrus",
        "fruit",
        "navel",
        "produce",
        "oranges",
        "fcy"
      ],
      "upc": null,
      "processed_at": "2025-06-25T12:36:12.971886"
    },
    {
      "sku": "BALDOR_TO6FAAS",
      "supplier_sku": "TO6FAAS",
      "name": "TOMATO RED GRAPE ANGEL SWEET 15X1 PT SUNSET",
      "category": "Produce/Vegetables/Tomatoes",
      "brand": "Baldor",
      "supplier_id": "BALD001",
      "supplier_name": "Baldor Specialty Foods",
      "unit_size": "1 PT CTN",
      "unit_type": "case",
      "wholesale_price": 52.0,
      "retail_price": 52.0,
      "retail_unit_type": "case",
      "retail_unit_size": "1 PT CTN",
      "retail_pack_size": "1",
      "retail_price_per_unit": 52.0,
      "retail_display": "$52.00/case",
      "is_organic": false,
      "is_gluten_free": true,
      "is_vegan": true,
      "is_kosher": false,
      "is_non_gmo": false,
      "is_local": false,
      "is_imported": false,
      "search_terms": [
        "sweet",
        "tomato",
        "vegetables",
        "red",
        "15x1",
        "produce",
        "tomatoes",
        "angel",
        "sunset",
        "grape"
      ],
      "upc": null,
      "processed_at": "2025-06-25T12:36:12.971895"
    },
    {
      "sku": "BALDOR_OR61A",
      "supplier_sku": "OR61A",
      "name": "NAVEL ORANGES 10 X 4 LB\nMANDARIN HALO 10X3 LB\nMANDA ROSERED MANDARINS 15 X 2LB\nWONDERFUL HALO MANDARINS 4 X 5LBS\nMANDA ROSE RED MANDARIN 64-72 CT",
      "category": "Produce/Fruit/Citrus",
      "brand": "Baldor",
      "supplier_id": "BALD001",
      "supplier_name": "Baldor Specialty Foods",
      "unit_size": "10 X 4 LBS CTN",
      "unit_type": "case",
      "wholesale_price": 51.5,
      "retail_price": 51.5,
      "retail_unit_type": "lb",
      "retail_unit_size": "1",
      "retail_pack_size": "1",
      "retail_price_per_unit": 12.88,
      "retail_display": "$12.88/lb",
      "is_organic": false,
      "is_gluten_free": true,
      "is_vegan": true,
      "is_kosher": false,
      "is_non_gmo": false,
      "is_local": false,
      "is_imported": false,
      "search_terms": [
        "halo",
        "citrus",
        "2lb",
        "fruit",
        "navel",
        "10x3",
        "red",
        "produce",
        "manda",
        "rosered",
        "wonderful",
        "oranges",
        "mandarins",
        "5lbs",
        "mandarin",
        "rose"
      ],
      "upc": null,
      "processed_at": "2025-06-25T12:36:12.971911"
    },
    {
      "sku": "BALDOR_TO6FNS",
      "supplier_sku": "TO6FNS",
      "name": "TOMATO YELLOW GRAPE COMETS 15X10 OZ NATURESWEET",
      "category": "Produce/Vegetables/Tomatoes",
      "brand": "Baldor",
      "supplier_id": "BALD001",
      "supplier_name": "Baldor Specialty Foods",
      "unit_size": "10 OZ CTN",
      "unit_type": "case",
      "wholesale_price": 39.0,
      "retail_price": 39.0,
      "retail_unit_type": "oz",
      "retail_unit_size": "1",
      "retail_pack_size": "1",
      "retail_price_per_unit": 3.9,
      "retail_display": "$3.90/oz",
      "is_organic": false,
      "is_gluten_free": true,
      "is_vegan": true,
      "is_kosher": false,
      "is_non_gmo": false,
      "is_local": false,
      "is_imported": false,
      "search_terms": [
        "15x10",
        "tomato",
        "vegetables",
        "produce",
        "tomatoes",
        "comets",
        "yellow",
        "naturesweet",
        "grape"
      ],
      "upc": null,
      "processed_at": "2025-06-25T12:36:12.971920"
    },
    {
      "sku": "BALDOR_TO6K",
      "supplier_sku": "TO6K",
      "name": "TOMATO MEDLEY MIX 12X8 OZ",
      "category": "Produce/Vegetables/Tomatoes",
      "brand": "Baldor",
      "supplier_id": "BALD001",
      "supplier_name": "Baldor Specialty Foods",
      "unit_size": "8 OZ CTN",
      "unit_type": "case",
      "wholesale_price": 24.5,
      "retail_price": 24.5,
      "retail_unit_type": "oz",
      "retail_unit_size": "1",
      "retail_pack_size": "1",
      "retail_price_per_unit": 3.06,
      "retail_display": "$3.06/oz",
      "is_organic": false,
      "is_gluten_free": true,
      "is_vegan": true,
      "is_kosher": false,
      "is_non_gmo": false,
      "is_local": false,
      "is_imported": false,
      "search_terms": [
        "tomato",
        "vegetables",
        "12x8",
        "produce",
        "medley",
        "tomatoes",
        "mix"
      ],
      "upc": null,
      "processed_at": "2025-06-25T12:36:12.971927"
    },
    {
      "sku": "BALDOR_TO6K2",
      "supplier_sku": "TO6K2",
      "name": "TOMATO CONSTELLATION 15X10 OZ NATURESWEET",
      "category": "Produce/Vegetables/Tomatoes",
      "brand": "Baldor",
      "supplier_id": "BALD001",
      "supplier_name": "Baldor Specialty Foods",
      "unit_size": "10 OZ CTN",
      "unit_type": "case",
      "wholesale_price": 39.0,
      "retail_price": 39.0,
      "retail_unit_type": "oz",
      "retail_unit_size": "1",
      "retail_pack_size": "1",
      "retail_price_per_unit": 3.9,
      "retail_display": "$3.90/oz",
      "is_organic": false,
      "is_gluten_free": true,
      "is_vegan": true,
      "is_kosher": false,
      "is_non_gmo": false,
      "is_local": false,
      "is_imported": false,
      "search_terms": [
        "constellation",
        "tomato",
        "vegetables",
        "produce",
        "tomatoes",
        "naturesweet",
        "15x10"
      ],
      "upc": null,
      "processed_at": "2025-06-25T12:36:12.971938"
    },
    {
      "sku": "BALDOR_TO6NS",
      "supplier_sku": "TO6NS",
      "name": "TOMATO RED GRAPE CHERUBS 15X10 OZ NATURESWEET",
      "category": "Produce/Vegetables/Tomatoes",
      "brand": "Baldor",
      "supplier_id": "BALD001",
      "supplier_name": "Baldor Specialty Foods",
      "unit_size": "10 OZ CTN",
      "unit_type": "case",
      "wholesale_price": 39.0,
      "retail_price": 39.0,
      "retail_unit_type": "oz",
      "retail_unit_size": "1",
      "retail_pack_size": "1",
      "retail_price_per_unit": 3.9,
      "retail_display": "$3.90/oz",
      "is_organic": false,
      "is_gluten_free": true,
      "is_vegan": true,
      "is_kosher": false,
      "is_non_gmo": false,
      "is_local": false,
      "is_imported": false,
      "search_terms": [
        "15x10",
        "tomato",
        "cherubs",
        "vegetables",
        "red",
        "produce",
        "tomatoes",
        "naturesweet",
        "grape"
      ],
      "upc": null,
      "processed_at": "2025-06-25T12:36:12.971948"
    },
    {
      "sku": "BALDOR_TO6OS",
      "supplier_sku": "TO6OS",
      "name": "TOMATO CHERRY RED ONE SWEET 15X1PT SUNSET",
      "category": "Produce/Vegetables/Tomatoes",
      "brand": "Baldor",
      "supplier_id": "BALD001",
      "supplier_name": "Baldor Specialty Foods",
      "unit_size": "16 OZ CTN",
      "unit_type": "case",
      "wholesale_price": 44.75,
      "retail_price": 44.75,
      "retail_unit_type": "oz",
      "retail_unit_size": "1",
      "retail_pack_size": "1",
      "retail_price_per_unit": 2.8,
      "retail_display": "$2.80/oz",
      "is_organic": false,
      "is_gluten_free": true,
      "is_vegan": true,
      "is_kosher": false,
      "is_non_gmo": false,
      "is_local": false,
      "is_imported": false,
      "search_terms": [
        "15x1pt",
        "tomato",
        "vegetables",
        "one",
        "red",
        "produce",
        "tomatoes",
        "sweet",
        "sunset",
        "cherry"
      ],
      "upc": null,
      "processed_at": "2025-06-25T12:36:12.971956"
    },
    {
      "sku": "BALDOR_OR6AM",
      "supplier_sku": "OR6AM",
      "name": "YOSEMITE GOLD MANDARINS 25LBS",
      "category": "Produce/Other",
      "brand": "Baldor",
      "supplier_id": "BALD001",
      "supplier_name": "Baldor Specialty Foods",
      "unit_size": "25LBS CTN",
      "unit_type": "case",
      "wholesale_price": 91.25,
      "retail_price": 91.25,
      "retail_unit_type": "lb",
      "retail_unit_size": "1",
      "retail_pack_size": "1",
      "retail_price_per_unit": 3.65,
      "retail_display": "$3.65/lb",
      "is_organic": false,
      "is_gluten_free": true,
      "is_vegan": true,
      "is_kosher": false,
      "is_non_gmo": false,
      "is_local": false,
      "is_imported": false,
      "search_terms": [
        "other",
        "25lbs",
        "produce",
        "gold",
        "mandarins",
        "yosemite"
      ],
      "upc": null,
      "processed_at": "2025-06-25T12:36:12.971963"
    },
    {
      "sku": "BALDOR_TO7NS",
      "supplier_sku": "TO7NS",
      "name": "TOMATO GRAPE BROWN TWILIGHTS 15X10 OZ NATURESWEET",
      "category": "Produce/Vegetables/Tomatoes",
      "brand": "Baldor",
      "supplier_id": "BALD001",
      "supplier_name": "Baldor Specialty Foods",
      "unit_size": "10 OZ CTN",
      "unit_type": "case",
      "wholesale_price": 39.0,
      "retail_price": 39.0,
      "retail_unit_type": "oz",
      "retail_unit_size": "1",
      "retail_pack_size": "1",
      "retail_price_per_unit": 3.9,
      "retail_display": "$3.90/oz",
      "is_organic": false,
      "is_gluten_free": true,
      "is_vegan": true,
      "is_kosher": false,
      "is_non_gmo": false,
      "is_local": false,
      "is_imported": false,
      "search_terms": [
        "15x10",
        "twilights",
        "tomato",
        "vegetables",
        "brown",
        "produce",
        "tomatoes",
        "naturesweet",
        "grape"
      ],
      "upc": null,
      "processed_at": "2025-06-25T12:36:12.971971"
    },
    {
      "sku": "BALDOR_OR7AAAA",
      "supplier_sku": "OR7AAAA",
      "name": "SUNTREAT SUMO CITRUS 12 X 2 LB",
      "category": "Produce/Other",
      "brand": "Baldor",
      "supplier_id": "BALD001",
      "supplier_name": "Baldor Specialty Foods",
      "unit_size": "12 X 2 LB CTN",
      "unit_type": "case",
      "wholesale_price": 82.25,
      "retail_price": 82.25,
      "retail_unit_type": "lb",
      "retail_unit_size": "1",
      "retail_pack_size": "1",
      "retail_price_per_unit": 41.12,
      "retail_display": "$41.12/lb",
      "is_organic": false,
      "is_gluten_free": true,
      "is_vegan": true,
      "is_kosher": false,
      "is_non_gmo": false,
      "is_local": false,
      "is_imported": false,
      "search_terms": [
        "citrus",
        "sumo",
        "suntreat",
        "other",
        "produce"
      ],
      "upc": null,
      "processed_at": "2025-06-25T12:36:12.971980"
    },
    {
      "sku": "BALDOR_TO8",
      "supplier_sku": "TO8",
      "name": "TOMATO BEEFSTEAK YELLOW 1 LYR 10 LB",
      "category": "Produce/Vegetables/Tomatoes",
      "brand": "Baldor",
      "supplier_id": "BALD001",
      "supplier_name": "Baldor Specialty Foods",
      "unit_size": "10 LB CTN",
      "unit_type": "case",
      "wholesale_price": 34.75,
      "retail_price": 34.75,
      "retail_unit_type": "lb",
      "retail_unit_size": "1",
      "retail_pack_size": "1",
      "retail_price_per_unit": 3.48,
      "retail_display": "$3.48/lb",
      "is_organic": false,
      "is_gluten_free": true,
      "is_vegan": true,
      "is_kosher": false,
      "is_non_gmo": false,
      "is_local": false,
      "is_imported": false,
      "search_terms": [
        "lyr",
        "tomato",
        "vegetables",
        "produce",
        "tomatoes",
        "beefsteak",
        "yellow"
      ],
      "upc": null,
      "processed_at": "2025-06-25T12:36:12.971987"
    },
    {
      "sku": "BALDOR_TO94CRT",
      "supplier_sku": "TO94CRT",
      "name": "TOMATO SENSATIONAL SARA 8X1 LB VILLAGE FARMS",
      "category": "Produce/Vegetables/Tomatoes",
      "brand": "Baldor",
      "supplier_id": "BALD001",
      "supplier_name": "Baldor Specialty Foods",
      "unit_size": "1 LB CTN",
      "unit_type": "case",
      "wholesale_price": 32.25,
      "retail_price": 32.25,
      "retail_unit_type": "lb",
      "retail_unit_size": "1",
      "retail_pack_size": "1",
      "retail_price_per_unit": 32.25,
      "retail_display": "$32.25/lb",
      "is_organic": false,
      "is_gluten_free": true,
      "is_vegan": true,
      "is_kosher": false,
      "is_non_gmo": false,
      "is_local": false,
      "is_imported": false,
      "search_terms": [
        "village",
        "sensational",
        "8x1",
        "tomato",
        "vegetables",
        "farms",
        "sara",
        "produce",
        "tomatoes"
      ],
      "upc": null,
      "processed_at": "2025-06-25T12:36:12.971994"
    },
    {
      "sku": "BALDOR_TO993",
      "supplier_sku": "TO993",
      "name": "TOMATO BEEFSTEAK GREEN 1 LYR",
      "category": "Produce/Vegetables/Tomatoes",
      "brand": "Baldor",
      "supplier_id": "BALD001",
      "supplier_name": "Baldor Specialty Foods",
      "unit_size": "1 LYR CTN",
      "unit_type": "case",
      "wholesale_price": 31.5,
      "retail_price": 31.5,
      "retail_unit_type": "case",
      "retail_unit_size": "1 LYR CTN",
      "retail_pack_size": "1",
      "retail_price_per_unit": 31.5,
      "retail_display": "$31.50/case",
      "is_organic": false,
      "is_gluten_free": true,
      "is_vegan": true,
      "is_kosher": false,
      "is_non_gmo": false,
      "is_local": false,
      "is_imported": false,
      "search_terms": [
        "lyr",
        "tomato",
        "vegetables",
        "produce",
        "green",
        "tomatoes",
        "beefsteak"
      ],
      "upc": null,
      "processed_at": "2025-06-25T12:36:12.972003"
    },
    {
      "sku": "BALDOR_OR8G1",
      "supplier_sku": "OR8G1",
      "name": "TANGO MANDARINS STEM & LEAF 23 LBS",
      "category": "Produce/Other",
      "brand": "Baldor",
      "supplier_id": "BALD001",
      "supplier_name": "Baldor Specialty Foods",
      "unit_size": "23 LBS CTN",
      "unit_type": "case",
      "wholesale_price": 46.25,
      "retail_price": 46.25,
      "retail_unit_type": "lb",
      "retail_unit_size": "1",
      "retail_pack_size": "1",
      "retail_price_per_unit": 2.01,
      "retail_display": "$2.01/lb",
      "is_organic": false,
      "is_gluten_free": true,
      "is_vegan": true,
      "is_kosher": false,
      "is_non_gmo": false,
      "is_local": false,
      "is_imported": false,
      "search_terms": [
        "lbs",
        "tango",
        "leaf",
        "other",
        "produce",
        "mandarins",
        "stem"
      ],
      "upc": null,
      "processed_at": "2025-06-25T12:36:12.972011"
    },
    {
      "sku": "BALDOR_TOM",
      "supplier_sku": "TOM",
      "name": "TOMATILLO 10 LB",
      "category": "Produce/Other",
      "brand": "Baldor",
      "supplier_id": "BALD001",
      "supplier_name": "Baldor Specialty Foods",
      "unit_size": "10 LB CTN",
      "unit_type": "case",
      "wholesale_price": 21.25,
      "retail_price": 21.25,
      "retail_unit_type": "lb",
      "retail_unit_size": "1",
      "retail_pack_size": "1",
      "retail_price_per_unit": 2.12,
      "retail_display": "$2.12/lb",
      "is_organic": false,
      "is_gluten_free": true,
      "is_vegan": true,
      "is_kosher": false,
      "is_non_gmo": false,
      "is_local": false,
      "is_imported": false,
      "search_terms": [
        "produce",
        "tomatillo",
        "other"
      ],
      "upc": null,
      "processed_at": "2025-06-25T12:36:12.972018"
    },
    {
      "sku": "BALDOR_TOM00",
      "supplier_sku": "TOM00",
      "name": "TOMATILLO W/HUSK 10 LB",
      "category": "Produce/Other",
      "brand": "Baldor",
      "supplier_id": "BALD001",
      "supplier_name": "Baldor Specialty Foods",
      "unit_size": "10 LB CTN",
      "unit_type": "case",
      "wholesale_price": 23.0,
      "retail_price": 23.0,
      "retail_unit_type": "lb",
      "retail_unit_size": "1",
      "retail_pack_size": "1",
      "retail_price_per_unit": 2.3,
      "retail_display": "$2.30/lb",
      "is_organic": false,
      "is_gluten_free": true,
      "is_vegan": true,
      "is_kosher": false,
      "is_non_gmo": false,
      "is_local": false,
      "is_imported": false,
      "search_terms": [
        "husk",
        "produce",
        "tomatillo",
        "other"
      ],
      "upc": null,
      "processed_at": "2025-06-25T12:36:12.972026"
    },
    {
      "sku": "BALDOR_TOM1",
      "supplier_sku": "TOM1",
      "name": "TOMATILLO MASTER BOX 1 1/9 BU",
      "category": "Produce/Other",
      "brand": "Baldor",
      "supplier_id": "BALD001",
      "supplier_name": "Baldor Specialty Foods",
      "unit_size": "1 1/9 BU CTN",
      "unit_type": "case",
      "wholesale_price": 40.25,
      "retail_price": 40.25,
      "retail_unit_type": "bunch",
      "retail_unit_size": "1",
      "retail_pack_size": "1",
      "retail_price_per_unit": 4.47,
      "retail_display": "$4.47/bunch",
      "is_organic": false,
      "is_gluten_free": true,
      "is_vegan": true,
      "is_kosher": false,
      "is_non_gmo": false,
      "is_local": false,
      "is_imported": false,
      "search_terms": [
        "tomatillo",
        "master",
        "other",
        "produce",
        "box"
      ],
      "upc": null,
      "processed_at": "2025-06-25T12:36:12.972036"
    },
    {
      "sku": "BALDOR_OR910",
      "supplier_sku": "OR910",
      "name": "PAGE MANDARINS STEM & LEAF 23LBS",
      "category": "Produce/Other",
      "brand": "Baldor",
      "supplier_id": "BALD001",
      "supplier_name": "Baldor Specialty Foods",
      "unit_size": "23 LBS CTN",
      "unit_type": "case",
      "wholesale_price": 42.25,
      "retail_price": 42.25,
      "retail_unit_type": "lb",
      "retail_unit_size": "1",
      "retail_pack_size": "1",
      "retail_price_per_unit": 1.84,
      "retail_display": "$1.84/lb",
      "is_organic": false,
      "is_gluten_free": true,
      "is_vegan": true,
      "is_kosher": false,
      "is_non_gmo": false,
      "is_local": false,
      "is_imported": false,
      "search_terms": [
        "23lbs",
        "leaf",
        "other",
        "produce",
        "mandarins",
        "page",
        "stem"
      ],
      "upc": null,
      "processed_at": "2025-06-25T12:36:12.972044"
    },
    {
      "sku": "BALDOR_OR8G",
      "supplier_sku": "OR8G",
      "name": "RISING C RANCHES TANGO MANDARINS 22LBS",
      "category": "Produce/Other",
      "brand": "Baldor",
      "supplier_id": "BALD001",
      "supplier_name": "Baldor Specialty Foods",
      "unit_size": "22 LBS CTN",
      "unit_type": "case",
      "wholesale_price": 47.75,
      "retail_price": 47.75,
      "retail_unit_type": "lb",
      "retail_unit_size": "1",
      "retail_pack_size": "1",
      "retail_price_per_unit": 2.17,
      "retail_display": "$2.17/lb",
      "is_organic": false,
      "is_gluten_free": true,
      "is_vegan": true,
      "is_kosher": false,
      "is_non_gmo": false,
      "is_local": false,
      "is_imported": false,
      "search_terms": [
        "tango",
        "rising",
        "other",
        "produce",
        "22lbs",
        "mandarins",
        "ranches"
      ],
      "upc": null,
      "processed_at": "2025-06-25T12:36:12.972052"
    },
    {
      "sku": "BALDOR_ORO1",
      "supplier_sku": "ORO1",
      "name": "ORO BLANCO GRAPEFRUIT 35 LBS",
      "category": "Produce/Fruit/Grapes",
      "brand": "Baldor",
      "supplier_id": "BALD001",
      "supplier_name": "Baldor Specialty Foods",
      "unit_size": "35 LBS CTN",
      "unit_type": "case",
      "wholesale_price": 94.75,
      "retail_price": 94.75,
      "retail_unit_type": "lb",
      "retail_unit_size": "1",
      "retail_pack_size": "1",
      "retail_price_per_unit": 2.71,
      "retail_display": "$2.71/lb",
      "is_organic": false,
      "is_gluten_free": true,
      "is_vegan": true,
      "is_kosher": false,
      "is_non_gmo": false,
      "is_local": false,
      "is_imported": false,
      "search_terms": [
        "lbs",
        "blanco",
        "fruit",
        "produce",
        "oro",
        "grapes",
        "grapefruit"
      ],
      "upc": null,
      "processed_at": "2025-06-25T12:36:12.972060"
    },
    {
      "sku": "BALDOR_CHER",
      "supplier_sku": "CHER",
      "name": "CHERIMOYA(SUGAR APPLE)",
      "category": "Produce/Fruit/Apples",
      "brand": "Baldor",
      "supplier_id": "BALD001",
      "supplier_name": "Baldor Specialty Foods",
      "unit_size": "10-16 CT CTN",
      "unit_type": "case",
      "wholesale_price": 138.75,
      "retail_price": 138.75,
      "retail_unit_type": "each",
      "retail_unit_size": "1",
      "retail_pack_size": "1",
      "retail_price_per_unit": 8.67,
      "retail_display": "$8.67/each",
      "is_organic": false,
      "is_gluten_free": true,
      "is_vegan": true,
      "is_kosher": false,
      "is_non_gmo": false,
      "is_local": false,
      "is_imported": false,
      "search_terms": [
        "fruit",
        "cherimoya(sugar",
        "apple)",
        "apples",
        "produce"
      ],
      "upc": null,
      "processed_at": "2025-06-25T12:36:12.972068"
    },
    {
      "sku": "BALDOR_PO",
      "supplier_sku": "PO",
      "name": "POMELO 10-12 CT",
      "category": "Produce/Other",
      "brand": "Baldor",
      "supplier_id": "BALD001",
      "supplier_name": "Baldor Specialty Foods",
      "unit_size": "10-12 CT CTN",
      "unit_type": "case",
      "wholesale_price": 38.5,
      "retail_price": 38.5,
      "retail_unit_type": "each",
      "retail_unit_size": "1",
      "retail_pack_size": "1",
      "retail_price_per_unit": 3.21,
      "retail_display": "$3.21/each",
      "is_organic": false,
      "is_gluten_free": true,
      "is_vegan": true,
      "is_kosher": false,
      "is_non_gmo": false,
      "is_local": false,
      "is_imported": false,
      "search_terms": [
        "pomelo",
        "produce",
        "other"
      ],
      "upc": null,
      "processed_at": "2025-06-25T12:36:12.972076"
    },
    {
      "sku": "BALDOR_DA3B",
      "supplier_sku": "DA3B",
      "name": "DATES MEDJOOL 11 LB CALIFORNIA",
      "category": "Produce/Other",
      "brand": "Baldor",
      "supplier_id": "BALD001",
      "supplier_name": "Baldor Specialty Foods",
      "unit_size": "11 LB CTN",
      "unit_type": "case",
      "wholesale_price": 58.5,
      "retail_price": 58.5,
      "retail_unit_type": "lb",
      "retail_unit_size": "1",
      "retail_pack_size": "1",
      "retail_price_per_unit": 5.32,
      "retail_display": "$5.32/lb",
      "is_organic": false,
      "is_gluten_free": true,
      "is_vegan": true,
      "is_kosher": false,
      "is_non_gmo": false,
      "is_local": false,
      "is_imported": false,
      "search_terms": [
        "dates",
        "medjool",
        "other",
        "produce",
        "california"
      ],
      "upc": null,
      "processed_at": "2025-06-25T12:36:12.972084"
    },
    {
      "sku": "BALDOR_PO2",
      "supplier_sku": "PO2",
      "name": "VALENTINE POMELO 27 CT",
      "category": "Produce/Other",
      "brand": "Baldor",
      "supplier_id": "BALD001",
      "supplier_name": "Baldor Specialty Foods",
      "unit_size": "27 CT CTN",
      "unit_type": "case",
      "wholesale_price": 47.75,
      "retail_price": 47.75,
      "retail_unit_type": "each",
      "retail_unit_size": "1",
      "retail_pack_size": "1",
      "retail_price_per_unit": 1.77,
      "retail_display": "$1.77/each",
      "is_organic": false,
      "is_gluten_free": true,
      "is_vegan": true,
      "is_kosher": false,
      "is_non_gmo": false,
      "is_local": false,
      "is_imported": false,
      "search_terms": [
        "pomelo",
        "produce",
        "other",
        "valentine"
      ],
      "upc": null,
      "processed_at": "2025-06-25T12:36:12.972092"
    },
    {
      "sku": "BALDOR_DA4",
      "supplier_sku": "DA4",
      "name": "DATES MEDJOOL LARGE 11 LB",
      "category": "Produce/Other",
      "brand": "Baldor",
      "supplier_id": "BALD001",
      "supplier_name": "Baldor Specialty Foods",
      "unit_size": "11 LB CTN",
      "unit_type": "case",
      "wholesale_price": 65.5,
      "retail_price": 65.5,
      "retail_unit_type": "lb",
      "retail_unit_size": "1",
      "retail_pack_size": "1",
      "retail_price_per_unit": 5.95,
      "retail_display": "$5.95/lb",
      "is_organic": false,
      "is_gluten_free": true,
      "is_vegan": true,
      "is_kosher": false,
      "is_non_gmo": false,
      "is_local": false,
      "is_imported": false,
      "search_terms": [
        "dates",
        "medjool",
        "large",
        "other",
        "produce"
      ],
      "upc": null,
      "processed_at": "2025-06-25T12:36:12.972099"
    },
    {
      "sku": "BALDOR_DRAGON",
      "supplier_sku": "DRAGON",
      "name": "DRAGON FRUIT PINK FLESH 8.8 LB",
      "category": "Produce/Other",
      "brand": "Baldor",
      "supplier_id": "BALD001",
      "supplier_name": "Baldor Specialty Foods",
      "unit_size": "8-10 CT CTN",
      "unit_type": "case",
      "wholesale_price": 40.75,
      "retail_price": 40.75,
      "retail_unit_type": "each",
      "retail_unit_size": "1",
      "retail_pack_size": "1",
      "retail_price_per_unit": 4.08,
      "retail_display": "$4.08/each",
      "is_organic": false,
      "is_gluten_free": true,
      "is_vegan": true,
      "is_kosher": false,
      "is_non_gmo": false,
      "is_local": false,
      "is_imported": false,
      "search_terms": [
        "8.8",
        "dragon",
        "fruit",
        "pink",
        "flesh",
        "other",
        "produce"
      ],
      "upc": null,
      "processed_at": "2025-06-25T12:36:12.972110"
    },
    {
      "sku": "BALDOR_CO1",
      "supplier_sku": "CO1",
      "name": "CORN YELLOW 48 CT",
      "category": "Produce/Other",
      "brand": "Baldor",
      "supplier_id": "BALD001",
      "supplier_name": "Baldor Specialty Foods",
      "unit_size": "48 CT CTN",
      "unit_type": "case",
      "wholesale_price": 21.25,
      "retail_price": 21.25,
      "retail_unit_type": "each",
      "retail_unit_size": "1",
      "retail_pack_size": "1",
      "retail_price_per_unit": 0.44,
      "retail_display": "$0.44/each",
      "is_organic": false,
      "is_gluten_free": true,
      "is_vegan": true,
      "is_kosher": false,
      "is_non_gmo": false,
      "is_local": false,
      "is_imported": false,
      "search_terms": [
        "yellow",
        "corn",
        "produce",
        "other"
      ],
      "upc": null,
      "processed_at": "2025-06-25T12:36:12.972118"
    },
    {
      "sku": "BALDOR_DRAGON1",
      "supplier_sku": "DRAGON1",
      "name": "DRAGON FRUIT WHITE FLESH 10 LB",
      "category": "Produce/Other",
      "brand": "Baldor",
      "supplier_id": "BALD001",
      "supplier_name": "Baldor Specialty Foods",
      "unit_size": "8-10 CT CTN",
      "unit_type": "case",
      "wholesale_price": 24.5,
      "retail_price": 24.5,
      "retail_unit_type": "each",
      "retail_unit_size": "1",
      "retail_pack_size": "1",
      "retail_price_per_unit": 2.45,
      "retail_display": "$2.45/each",
      "is_organic": false,
      "is_gluten_free": true,
      "is_vegan": true,
      "is_kosher": false,
      "is_non_gmo": false,
      "is_local": false,
      "is_imported": false,
      "search_terms": [
        "dragon",
        "fruit",
        "white",
        "flesh",
        "other",
        "produce"
      ],
      "upc": null,
      "processed_at": "2025-06-25T12:36:12.972127"
    },
    {
      "sku": "BALDOR_CO",
      "supplier_sku": "CO",
      "name": "BABY CORN IN THE HUSK 5 LB",
      "category": "Produce/Other",
      "brand": "Baldor",
      "supplier_id": "BALD001",
      "supplier_name": "Baldor Specialty Foods",
      "unit_size": "5 LB CTN",
      "unit_type": "case",
      "wholesale_price": 40.75,
      "retail_price": 40.75,
      "retail_unit_type": "lb",
      "retail_unit_size": "1",
      "retail_pack_size": "1",
      "retail_price_per_unit": 8.15,
      "retail_display": "$8.15/lb",
      "is_organic": false,
      "is_gluten_free": true,
      "is_vegan": true,
      "is_kosher": false,
      "is_non_gmo": false,
      "is_local": false,
      "is_imported": false,
      "search_terms": [
        "baby",
        "corn",
        "other",
        "husk",
        "produce"
      ],
      "upc": null,
      "processed_at": "2025-06-25T12:36:12.972135"
    },
    {
      "sku": "BALDOR_DRAGON3",
      "supplier_sku": "DRAGON3",
      "name": "DRAGON FRUIT YELLOW SKIN WITH FLESH 5 LB",
      "category": "Produce/Other",
      "brand": "Baldor",
      "supplier_id": "BALD001",
      "supplier_name": "Baldor Specialty Foods",
      "unit_size": "5 LB CTN",
      "unit_type": "case",
      "wholesale_price": 24.5,
      "retail_price": 24.5,
      "retail_unit_type": "lb",
      "retail_unit_size": "1",
      "retail_pack_size": "1",
      "retail_price_per_unit": 4.9,
      "retail_display": "$4.90/lb",
      "is_organic": false,
      "is_gluten_free": true,
      "is_vegan": true,
      "is_kosher": false,
      "is_non_gmo": false,
      "is_local": false,
      "is_imported": false,
      "search_terms": [
        "dragon",
        "fruit",
        "flesh",
        "skin",
        "other",
        "produce",
        "yellow"
      ],
      "upc": null,
      "processed_at": "2025-06-25T12:36:12.972147"
    },
    {
      "sku": "BALDOR_CO1F",
      "supplier_sku": "CO1F",
      "name": "CORN BABY HUSKED GUATEMALA 5 LB",
      "category": "Produce/Other",
      "brand": "Baldor",
      "supplier_id": "BALD001",
      "supplier_name": "Baldor Specialty Foods",
      "unit_size": "5 LB CTN",
      "unit_type": "case",
      "wholesale_price": 33.0,
      "retail_price": 33.0,
      "retail_unit_type": "lb",
      "retail_unit_size": "1",
      "retail_pack_size": "1",
      "retail_price_per_unit": 6.6,
      "retail_display": "$6.60/lb",
      "is_organic": false,
      "is_gluten_free": true,
      "is_vegan": true,
      "is_kosher": false,
      "is_non_gmo": false,
      "is_local": false,
      "is_imported": false,
      "search_terms": [
        "baby",
        "corn",
        "other",
        "husked",
        "guatemala",
        "produce"
      ],
      "upc": null,
      "processed_at": "2025-06-25T12:36:12.972157"
    },
    {
      "sku": "BALDOR_FRU",
      "supplier_sku": "FRU",
      "name": "STAR FRUIT 1 LYR",
      "category": "Produce/Other",
      "brand": "Baldor",
      "supplier_id": "BALD001",
      "supplier_name": "Baldor Specialty Foods",
      "unit_size": "16-25 CT CTN",
      "unit_type": "case",
      "wholesale_price": 55.0,
      "retail_price": 55.0,
      "retail_unit_type": "each",
      "retail_unit_size": "1",
      "retail_pack_size": "1",
      "retail_price_per_unit": 2.2,
      "retail_display": "$2.20/each",
      "is_organic": false,
      "is_gluten_free": true,
      "is_vegan": true,
      "is_kosher": false,
      "is_non_gmo": false,
      "is_local": false,
      "is_imported": false,
      "search_terms": [
        "lyr",
        "fruit",
        "other",
        "produce",
        "star"
      ],
      "upc": null,
      "processed_at": "2025-06-25T12:36:12.972165"
    },
    {
      "sku": "BALDOR_CO2A",
      "supplier_sku": "CO2A",
      "name": "CORN BI COLOR 48 CT",
      "category": "Produce/Other",
      "brand": "Baldor",
      "supplier_id": "BALD001",
      "supplier_name": "Baldor Specialty Foods",
      "unit_size": "48 CT CTN",
      "unit_type": "case",
      "wholesale_price": 21.25,
      "retail_price": 21.25,
      "retail_unit_type": "each",
      "retail_unit_size": "1",
      "retail_pack_size": "1",
      "retail_price_per_unit": 0.44,
      "retail_display": "$0.44/each",
      "is_organic": false,
      "is_gluten_free": true,
      "is_vegan": true,
      "is_kosher": false,
      "is_non_gmo": false,
      "is_local": false,
      "is_imported": false,
      "search_terms": [
        "color",
        "corn",
        "produce",
        "other"
      ],
      "upc": null,
      "processed_at": "2025-06-25T12:36:12.972174"
    },
    {
      "sku": "BALDOR_CO2ART",
      "supplier_sku": "CO2ART",
      "name": "CORN BI COLOR 12X4 CT",
      "category": "Produce/Other",
      "brand": "Baldor",
      "supplier_id": "BALD001",
      "supplier_name": "Baldor Specialty Foods",
      "unit_size": "4 CT CTN",
      "unit_type": "case",
      "wholesale_price": 50.5,
      "retail_price": 50.5,
      "retail_unit_type": "each",
      "retail_unit_size": "1",
      "retail_pack_size": "1",
      "retail_price_per_unit": 12.62,
      "retail_display": "$12.62/each",
      "is_organic": false,
      "is_gluten_free": true,
      "is_vegan": true,
      "is_kosher": false,
      "is_non_gmo": false,
      "is_local": false,
      "is_imported": false,
      "search_terms": [
        "corn",
        "other",
        "color",
        "produce",
        "12x4"
      ],
      "upc": null,
      "processed_at": "2025-06-25T12:36:12.972182"
    },
    {
      "sku": "BALDOR_FRU13FD2",
      "supplier_sku": "FRU13FD2",
      "name": "MANGO SPEARS 18X8 OZ FD",
      "category": "Produce/Vegetables/Peas",
      "brand": "Baldor",
      "supplier_id": "BALD001",
      "supplier_name": "Baldor Specialty Foods",
      "unit_size": "8 OZ CTN",
      "unit_type": "case",
      "wholesale_price": 90.5,
      "retail_price": 90.5,
      "retail_unit_type": "oz",
      "retail_unit_size": "1",
      "retail_pack_size": "1",
      "retail_price_per_unit": 11.31,
      "retail_display": "$11.31/oz",
      "is_organic": false,
      "is_gluten_free": true,
      "is_vegan": true,
      "is_kosher": false,
      "is_non_gmo": false,
      "is_local": false,
      "is_imported": false,
      "search_terms": [
        "peas",
        "18x8",
        "vegetables",
        "mango",
        "produce",
        "spears"
      ],
      "upc": null,
      "processed_at": "2025-06-25T12:36:12.972190"
    },
    {
      "sku": "BALDOR_CU",
      "supplier_sku": "CU",
      "name": "CUCUMBERS HOT HOUSE 12 CT",
      "category": "Produce/Other",
      "brand": "Baldor",
      "supplier_id": "BALD001",
      "supplier_name": "Baldor Specialty Foods",
      "unit_size": "12 CT CTN",
      "unit_type": "case",
      "wholesale_price": 12.5,
      "retail_price": 12.5,
      "retail_unit_type": "each",
      "retail_unit_size": "1",
      "retail_pack_size": "1",
      "retail_price_per_unit": 1.04,
      "retail_display": "$1.04/each",
      "is_organic": false,
      "is_gluten_free": true,
      "is_vegan": true,
      "is_kosher": false,
      "is_non_gmo": false,
      "is_local": false,
      "is_imported": false,
      "search_terms": [
        "cucumbers",
        "other",
        "house",
        "produce",
        "hot"
      ],
      "upc": null,
      "processed_at": "2025-06-25T12:36:12.972199"
    },
    {
      "sku": "BALDOR_JACK",
      "supplier_sku": "JACK",
      "name": "JACKFRUIT 35 LB",
      "category": "Produce/Other",
      "brand": "Baldor",
      "supplier_id": "BALD001",
      "supplier_name": "Baldor Specialty Foods",
      "unit_size": "35 LB CTN",
      "unit_type": "case",
      "wholesale_price": 48.75,
      "retail_price": 48.75,
      "retail_unit_type": "lb",
      "retail_unit_size": "1",
      "retail_pack_size": "1",
      "retail_price_per_unit": 1.39,
      "retail_display": "$1.39/lb",
      "is_organic": false,
      "is_gluten_free": true,
      "is_vegan": true,
      "is_kosher": false,
      "is_non_gmo": false,
      "is_local": false,
      "is_imported": false,
      "search_terms": [
        "produce",
        "jackfruit",
        "other"
      ],
      "upc": null,
      "processed_at": "2025-06-25T12:36:12.972206"
    },
    {
      "sku": "BALDOR_CU01",
      "supplier_sku": "CU01",
      "name": "CUCUMBERS SUPER SELECT BSH",
      "category": "Produce/Other",
      "brand": "Baldor",
      "supplier_id": "BALD001",
      "supplier_name": "Baldor Specialty Foods",
      "unit_size": "BSH CTN",
      "unit_type": "case",
      "wholesale_price": 34.25,
      "retail_price": 34.25,
      "retail_unit_type": "case",
      "retail_unit_size": "BSH CTN",
      "retail_pack_size": "1",
      "retail_price_per_unit": 34.25,
      "retail_display": "$34.25/case",
      "is_organic": false,
      "is_gluten_free": true,
      "is_vegan": true,
      "is_kosher": false,
      "is_non_gmo": false,
      "is_local": false,
      "is_imported": false,
      "search_terms": [
        "cucumbers",
        "bsh",
        "other",
        "super",
        "select",
        "produce"
      ],
      "upc": null,
      "processed_at": "2025-06-25T12:36:12.972215"
    },
    {
      "sku": "BALDOR_CU02",
      "supplier_sku": "CU02",
      "name": "CUCUMBERS HOT HOUSE LARGE 12 CT",
      "category": "Produce/Other",
      "brand": "Baldor",
      "supplier_id": "BALD001",
      "supplier_name": "Baldor Specialty Foods",
      "unit_size": "12 CT CTN",
      "unit_type": "case",
      "wholesale_price": 15.5,
      "retail_price": 15.5,
      "retail_unit_type": "each",
      "retail_unit_size": "1",
      "retail_pack_size": "1",
      "retail_price_per_unit": 1.29,
      "retail_display": "$1.29/each",
      "is_organic": false,
      "is_gluten_free": true,
      "is_vegan": true,
      "is_kosher": false,
      "is_non_gmo": false,
      "is_local": false,
      "is_imported": false,
      "search_terms": [
        "cucumbers",
        "large",
        "other",
        "house",
        "produce",
        "hot"
      ],
      "upc": null,
      "processed_at": "2025-06-25T12:36:12.972223"
    },
    {
      "sku": "BALDOR_K1D",
      "supplier_sku": "K1D",
      "name": "KIWI GREEN 54-66 CT VF",
      "category": "Produce/Other",
      "brand": "Baldor",
      "supplier_id": "BALD001",
      "supplier_name": "Baldor Specialty Foods",
      "unit_size": "54-66 CT CTN",
      "unit_type": "case",
      "wholesale_price": 51.5,
      "retail_price": 51.5,
      "retail_unit_type": "each",
      "retail_unit_size": "1",
      "retail_pack_size": "1",
      "retail_price_per_unit": 0.78,
      "retail_display": "$0.78/each",
      "is_organic": false,
      "is_gluten_free": true,
      "is_vegan": true,
      "is_kosher": false,
      "is_non_gmo": false,
      "is_local": false,
      "is_imported": false,
      "search_terms": [
        "kiwi",
        "produce",
        "green",
        "other"
      ],
      "upc": null,
      "processed_at": "2025-06-25T12:36:12.972232"
    },
    {
      "sku": "BALDOR_CU1",
      "supplier_sku": "CU1",
      "name": "CUCUMBERS SELECT 1 BSH",
      "category": "Produce/Other",
      "brand": "Baldor",
      "supplier_id": "BALD001",
      "supplier_name": "Baldor Specialty Foods",
      "unit_size": "1 BSH CTN",
      "unit_type": "case",
      "wholesale_price": 23.5,
      "retail_price": 23.5,
      "retail_unit_type": "case",
      "retail_unit_size": "1 BSH CTN",
      "retail_pack_size": "1",
      "retail_price_per_unit": 23.5,
      "retail_display": "$23.50/case",
      "is_organic": false,
      "is_gluten_free": true,
      "is_vegan": true,
      "is_kosher": false,
      "is_non_gmo": false,
      "is_local": false,
      "is_imported": false,
      "search_terms": [
        "cucumbers",
        "bsh",
        "other",
        "select",
        "produce"
      ],
      "upc": null,
      "processed_at": "2025-06-25T12:36:12.972241"
    },
    {
      "sku": "BALDOR_K4",
      "supplier_sku": "K4",
      "name": "KIWI BULK 117 CT",
      "category": "Produce/Other",
      "brand": "Baldor",
      "supplier_id": "BALD001",
      "supplier_name": "Baldor Specialty Foods",
      "unit_size": "117CT SZ39 CTN",
      "unit_type": "case",
      "wholesale_price": 51.5,
      "retail_price": 51.5,
      "retail_unit_type": "each",
      "retail_unit_size": "1",
      "retail_pack_size": "1",
      "retail_price_per_unit": 0.44,
      "retail_display": "$0.44/each",
      "is_organic": false,
      "is_gluten_free": true,
      "is_vegan": true,
      "is_kosher": false,
      "is_non_gmo": false,
      "is_local": false,
      "is_imported": false,
      "search_terms": [
        "bulk",
        "other",
        "produce",
        "117",
        "kiwi"
      ],
      "upc": null,
      "processed_at": "2025-06-25T12:36:12.972250"
    },
    {
      "sku": "BALDOR_CU1P",
      "supplier_sku": "CU1P",
      "name": "SUPER SELCET CUCUMBERS",
      "category": "Produce/Other",
      "brand": "Baldor",
      "supplier_id": "BALD001",
      "supplier_name": "Baldor Specialty Foods",
      "unit_size": "36 CT CTN",
      "unit_type": "case",
      "wholesale_price": 27.5,
      "retail_price": 27.5,
      "retail_unit_type": "each",
      "retail_unit_size": "1",
      "retail_pack_size": "1",
      "retail_price_per_unit": 0.76,
      "retail_display": "$0.76/each",
      "is_organic": false,
      "is_gluten_free": true,
      "is_vegan": true,
      "is_kosher": false,
      "is_non_gmo": false,
      "is_local": false,
      "is_imported": false,
      "search_terms": [
        "cucumbers",
        "selcet",
        "other",
        "super",
        "produce"
      ],
      "upc": null,
      "processed_at": "2025-06-25T12:36:12.972258"
    },
    {
      "sku": "BALDOR_CU4BB",
      "supplier_sku": "CU4BB",
      "name": "CUCUMBER COCKTAIL 12X9 OZ",
      "category": "Produce/Other",
      "brand": "Baldor",
      "supplier_id": "BALD001",
      "supplier_name": "Baldor Specialty Foods",
      "unit_size": "9 OZ CTN",
      "unit_type": "case",
      "wholesale_price": 41.25,
      "retail_price": 41.25,
      "retail_unit_type": "oz",
      "retail_unit_size": "1",
      "retail_pack_size": "1",
      "retail_price_per_unit": 4.58,
      "retail_display": "$4.58/oz",
      "is_organic": false,
      "is_gluten_free": true,
      "is_vegan": true,
      "is_kosher": false,
      "is_non_gmo": false,
      "is_local": false,
      "is_imported": false,
      "search_terms": [
        "cucumber",
        "12x9",
        "cocktail",
        "other",
        "produce"
      ],
      "upc": null,
      "processed_at": "2025-06-25T12:36:12.972265"
    },
    {
      "sku": "BALDOR_NU7",
      "supplier_sku": "NU7",
      "name": "COCONUT 40 CT",
      "category": "Produce/Other",
      "brand": "Baldor",
      "supplier_id": "BALD001",
      "supplier_name": "Baldor Specialty Foods",
      "unit_size": "40 CT CTN",
      "unit_type": "case",
      "wholesale_price": 81.25,
      "retail_price": 81.25,
      "retail_unit_type": "each",
      "retail_unit_size": "1",
      "retail_pack_size": "1",
      "retail_price_per_unit": 2.03,
      "retail_display": "$2.03/each",
      "is_organic": false,
      "is_gluten_free": true,
      "is_vegan": true,
      "is_kosher": false,
      "is_non_gmo": false,
      "is_local": false,
      "is_imported": false,
      "search_terms": [
        "produce",
        "coconut",
        "other"
      ],
      "upc": null,
      "processed_at": "2025-06-25T12:36:12.972273"
    },
    {
      "sku": "BALDOR_CU5",
      "supplier_sku": "CU5",
      "name": "CUCUMBERS KIRBY 1 BSH",
      "category": "Produce/Other",
      "brand": "Baldor",
      "supplier_id": "BALD001",
      "supplier_name": "Baldor Specialty Foods",
      "unit_size": "35 LB CTN",
      "unit_type": "case",
      "wholesale_price": 47.75,
      "retail_price": 47.75,
      "retail_unit_type": "lb",
      "retail_unit_size": "1",
      "retail_pack_size": "1",
      "retail_price_per_unit": 1.36,
      "retail_display": "$1.36/lb",
      "is_organic": false,
      "is_gluten_free": true,
      "is_vegan": true,
      "is_kosher": false,
      "is_non_gmo": false,
      "is_local": false,
      "is_imported": false,
      "search_terms": [
        "kirby",
        "cucumbers",
        "bsh",
        "other",
        "produce"
      ],
      "upc": null,
      "processed_at": "2025-06-25T12:36:12.972280"
    },
    {
      "sku": "BALDOR_NU8",
      "supplier_sku": "NU8",
      "name": "COCONUTS YOUNG 9 CT",
      "category": "Produce/Other",
      "brand": "Baldor",
      "supplier_id": "BALD001",
      "supplier_name": "Baldor Specialty Foods",
      "unit_size": "9 CT CTN",
      "unit_type": "case",
      "wholesale_price": 32.0,
      "retail_price": 32.0,
      "retail_unit_type": "each",
      "retail_unit_size": "1",
      "retail_pack_size": "1",
      "retail_price_per_unit": 3.56,
      "retail_display": "$3.56/each",
      "is_organic": false,
      "is_gluten_free": true,
      "is_vegan": true,
      "is_kosher": false,
      "is_non_gmo": false,
      "is_local": false,
      "is_imported": false,
      "search_terms": [
        "produce",
        "coconuts",
        "other",
        "young"
      ],
      "upc": null,
      "processed_at": "2025-06-25T12:36:12.972287"
    },
    {
      "sku": "BALDOR_CU50",
      "supplier_sku": "CU50",
      "name": "CUCUMBERS KIRBY 1/2 BSH",
      "category": "Produce/Other",
      "brand": "Baldor",
      "supplier_id": "BALD001",
      "supplier_name": "Baldor Specialty Foods",
      "unit_size": "1/2 BSH CTN",
      "unit_type": "case",
      "wholesale_price": 34.0,
      "retail_price": 34.0,
      "retail_unit_type": "case",
      "retail_unit_size": "1/2 BSH CTN",
      "retail_pack_size": "1",
      "retail_price_per_unit": 34.0,
      "retail_display": "$34.00/case",
      "is_organic": false,
      "is_gluten_free": true,
      "is_vegan": true,
      "is_kosher": false,
      "is_non_gmo": false,
      "is_local": false,
      "is_imported": false,
      "search_terms": [
        "kirby",
        "cucumbers",
        "bsh",
        "other",
        "produce"
      ],
      "upc": null,
      "processed_at": "2025-06-25T12:36:12.972301"
    },
    {
      "sku": "BALDOR_OK",
      "supplier_sku": "OK",
      "name": "OKRA CS",
      "category": "Produce/Other",
      "brand": "Baldor",
      "supplier_id": "BALD001",
      "supplier_name": "Baldor Specialty Foods",
      "unit_size": "10 LB CTN",
      "unit_type": "case",
      "wholesale_price": 46.25,
      "retail_price": 46.25,
      "retail_unit_type": "lb",
      "retail_unit_size": "1",
      "retail_pack_size": "1",
      "retail_price_per_unit": 4.62,
      "retail_display": "$4.62/lb",
      "is_organic": false,
      "is_gluten_free": true,
      "is_vegan": true,
      "is_kosher": false,
      "is_non_gmo": false,
      "is_local": false,
      "is_imported": false,
      "search_terms": [
        "produce",
        "other",
        "okra"
      ],
      "upc": null,
      "processed_at": "2025-06-25T12:36:12.972307"
    },
    {
      "sku": "BALDOR_CU5A",
      "supplier_sku": "CU5A",
      "name": "CUCUMBERS PERSIAN LOOSE 20 LB",
      "category": "Produce/Other",
      "brand": "Baldor",
      "supplier_id": "BALD001",
      "supplier_name": "Baldor Specialty Foods",
      "unit_size": "20 LB CTN",
      "unit_type": "case",
      "wholesale_price": 33.25,
      "retail_price": 33.25,
      "retail_unit_type": "lb",
      "retail_unit_size": "1",
      "retail_pack_size": "1",
      "retail_price_per_unit": 1.66,
      "retail_display": "$1.66/lb",
      "is_organic": false,
      "is_gluten_free": true,
      "is_vegan": true,
      "is_kosher": false,
      "is_non_gmo": false,
      "is_local": false,
      "is_imported": false,
      "search_terms": [
        "cucumbers",
        "persian",
        "loose",
        "other",
        "produce"
      ],
      "upc": null,
      "processed_at": "2025-06-25T12:36:12.972315"
    },
    {
      "sku": "BALDOR_PA",
      "supplier_sku": "PA",
      "name": "PAPAYA HAWAIIAN 9 CT",
      "category": "Produce/Other",
      "brand": "Baldor",
      "supplier_id": "BALD001",
      "supplier_name": "Baldor Specialty Foods",
      "unit_size": "9 CT CTN",
      "unit_type": "case",
      "wholesale_price": 56.5,
      "retail_price": 56.5,
      "retail_unit_type": "each",
      "retail_unit_size": "1",
      "retail_pack_size": "1",
      "retail_price_per_unit": 6.28,
      "retail_display": "$6.28/each",
      "is_organic": false,
      "is_gluten_free": true,
      "is_vegan": true,
      "is_kosher": false,
      "is_non_gmo": false,
      "is_local": false,
      "is_imported": false,
      "search_terms": [
        "other",
        "produce",
        "hawaiian",
        "papaya"
      ],
      "upc": null,
      "processed_at": "2025-06-25T12:36:12.972322"
    },
    {
      "sku": "BALDOR_CU6",
      "supplier_sku": "CU6",
      "name": "JAPANESE CUCUMBERS 10 LB",
      "category": "Produce/Other",
      "brand": "Baldor",
      "supplier_id": "BALD001",
      "supplier_name": "Baldor Specialty Foods",
      "unit_size": "10 LB CTN",
      "unit_type": "case",
      "wholesale_price": 46.25,
      "retail_price": 46.25,
      "retail_unit_type": "lb",
      "retail_unit_size": "1",
      "retail_pack_size": "1",
      "retail_price_per_unit": 4.62,
      "retail_display": "$4.62/lb",
      "is_organic": false,
      "is_gluten_free": true,
      "is_vegan": true,
      "is_kosher": false,
      "is_non_gmo": false,
      "is_local": false,
      "is_imported": false,
      "search_terms": [
        "other",
        "produce",
        "cucumbers",
        "japanese"
      ],
      "upc": null,
      "processed_at": "2025-06-25T12:36:12.972330"
    },
    {
      "sku": "BALDOR_PA3A",
      "supplier_sku": "PA3A",
      "name": "PAPAYA MARADOL 9-12 CT",
      "category": "Produce/Other",
      "brand": "Baldor",
      "supplier_id": "BALD001",
      "supplier_name": "Baldor Specialty Foods",
      "unit_size": "9-12 CT CTN",
      "unit_type": "case",
      "wholesale_price": 50.75,
      "retail_price": 50.75,
      "retail_unit_type": "each",
      "retail_unit_size": "1",
      "retail_pack_size": "1",
      "retail_price_per_unit": 4.23,
      "retail_display": "$4.23/each",
      "is_organic": false,
      "is_gluten_free": true,
      "is_vegan": true,
      "is_kosher": false,
      "is_non_gmo": false,
      "is_local": false,
      "is_imported": false,
      "search_terms": [
        "produce",
        "other",
        "maradol",
        "papaya"
      ],
      "upc": null,
      "processed_at": "2025-06-25T12:36:12.972338"
    },
    {
      "sku": "BALDOR_PAS",
      "supplier_sku": "PAS",
      "name": "PASSION FRUIT 1 LYR",
      "category": "Produce/Other",
      "brand": "Baldor",
      "supplier_id": "BALD001",
      "supplier_name": "Baldor Specialty Foods",
      "unit_size": "1 LYR CTN",
      "unit_type": "case",
      "wholesale_price": 66.0,
      "retail_price": 66.0,
      "retail_unit_type": "case",
      "retail_unit_size": "1 LYR CTN",
      "retail_pack_size": "1",
      "retail_price_per_unit": 66.0,
      "retail_display": "$66.00/case",
      "is_organic": false,
      "is_gluten_free": true,
      "is_vegan": true,
      "is_kosher": false,
      "is_non_gmo": false,
      "is_local": false,
      "is_imported": false,
      "search_terms": [
        "lyr",
        "fruit",
        "other",
        "produce",
        "passion"
      ],
      "upc": null,
      "processed_at": "2025-06-25T12:36:12.972347"
    },
    {
      "sku": "BALDOR_POM6",
      "supplier_sku": "POM6",
      "name": "POMEGRANATE SEEDS 12X125 GR",
      "category": "Produce/Other",
      "brand": "Baldor",
      "supplier_id": "BALD001",
      "supplier_name": "Baldor Specialty Foods",
      "unit_size": "12X4.4 OZ CTN",
      "unit_type": "case",
      "wholesale_price": 47.75,
      "retail_price": 47.75,
      "retail_unit_type": "oz",
      "retail_unit_size": "1",
      "retail_pack_size": "1",
      "retail_price_per_unit": 10.85,
      "retail_display": "$10.85/oz",
      "is_organic": false,
      "is_gluten_free": true,
      "is_vegan": true,
      "is_kosher": false,
      "is_non_gmo": false,
      "is_local": false,
      "is_imported": false,
      "search_terms": [
        "other",
        "produce",
        "12x125",
        "pomegranate",
        "seeds"
      ],
      "upc": null,
      "processed_at": "2025-06-25T12:36:12.972356"
    },
    {
      "sku": "BALDOR_EGG",
      "supplier_sku": "EGG",
      "name": "EGGPLANT 20 LB",
      "category": "Produce/Other",
      "brand": "Baldor",
      "supplier_id": "BALD001",
      "supplier_name": "Baldor Specialty Foods",
      "unit_size": "18 CT CTN",
      "unit_type": "case",
      "wholesale_price": 29.5,
      "retail_price": 29.5,
      "retail_unit_type": "each",
      "retail_unit_size": "1",
      "retail_pack_size": "1",
      "retail_price_per_unit": 1.64,
      "retail_display": "$1.64/each",
      "is_organic": false,
      "is_gluten_free": true,
      "is_vegan": true,
      "is_kosher": false,
      "is_non_gmo": false,
      "is_local": false,
      "is_imported": false,
      "search_terms": [
        "produce",
        "other",
        "eggplant"
      ],
      "upc": null,
      "processed_at": "2025-06-25T12:36:12.972363"
    },
    {
      "sku": "BALDOR_ROO7A",
      "supplier_sku": "ROO7A",
      "name": "TURMERIC 10 LB",
      "category": "Produce/Other",
      "brand": "Baldor",
      "supplier_id": "BALD001",
      "supplier_name": "Baldor Specialty Foods",
      "unit_size": "10 LB CTN",
      "unit_type": "case",
      "wholesale_price": 49.25,
      "retail_price": 49.25,
      "retail_unit_type": "lb",
      "retail_unit_size": "1",
      "retail_pack_size": "1",
      "retail_price_per_unit": 4.92,
      "retail_display": "$4.92/lb",
      "is_organic": false,
      "is_gluten_free": true,
      "is_vegan": true,
      "is_kosher": false,
      "is_non_gmo": false,
      "is_local": false,
      "is_imported": false,
      "search_terms": [
        "produce",
        "turmeric",
        "other"
      ],
      "upc": null,
      "processed_at": "2025-06-25T12:36:12.972370"
    },
    {
      "sku": "BALDOR_EGG2",
      "supplier_sku": "EGG2",
      "name": "EGGPLANT JAPANESE 10 LB",
      "category": "Produce/Other",
      "brand": "Baldor",
      "supplier_id": "BALD001",
      "supplier_name": "Baldor Specialty Foods",
      "unit_size": "10 LB CTN",
      "unit_type": "case",
      "wholesale_price": 34.75,
      "retail_price": 34.75,
      "retail_unit_type": "lb",
      "retail_unit_size": "1",
      "retail_pack_size": "1",
      "retail_price_per_unit": 3.48,
      "retail_display": "$3.48/lb",
      "is_organic": false,
      "is_gluten_free": true,
      "is_vegan": true,
      "is_kosher": false,
      "is_non_gmo": false,
      "is_local": false,
      "is_imported": false,
      "search_terms": [
        "produce",
        "other",
        "japanese",
        "eggplant"
      ],
      "upc": null,
      "processed_at": "2025-06-25T12:36:12.972377"
    },
    {
      "sku": "BALDOR_ROO7A1",
      "supplier_sku": "ROO7A1",
      "name": "TURMERIC BAG 1 LB",
      "category": "Produce/Other",
      "brand": "Baldor",
      "supplier_id": "BALD001",
      "supplier_name": "Baldor Specialty Foods",
      "unit_size": "1 LB EACH",
      "unit_type": "case",
      "wholesale_price": 7.0,
      "retail_price": 7.0,
      "retail_unit_type": "lb",
      "retail_unit_size": "1",
      "retail_pack_size": "1",
      "retail_price_per_unit": 7.0,
      "retail_display": "$7.00/lb",
      "is_organic": false,
      "is_gluten_free": true,
      "is_vegan": true,
      "is_kosher": false,
      "is_non_gmo": false,
      "is_local": false,
      "is_imported": false,
      "search_terms": [
        "bag",
        "produce",
        "turmeric",
        "other"
      ],
      "upc": null,
      "processed_at": "2025-06-25T12:36:12.972384"
    },
    {
      "sku": "BALDOR_EGG4",
      "supplier_sku": "EGG4",
      "name": "EGGPLANT HOLLAND STYLE 11 LB PURPLE PRIDE",
      "category": "Produce/Other",
      "brand": "Baldor",
      "supplier_id": "BALD001",
      "supplier_name": "Baldor Specialty Foods",
      "unit_size": "11 LB CTN",
      "unit_type": "case",
      "wholesale_price": 31.5,
      "retail_price": 31.5,
      "retail_unit_type": "lb",
      "retail_unit_size": "1",
      "retail_pack_size": "1",
      "retail_price_per_unit": 2.86,
      "retail_display": "$2.86/lb",
      "is_organic": false,
      "is_gluten_free": true,
      "is_vegan": true,
      "is_kosher": false,
      "is_non_gmo": false,
      "is_local": false,
      "is_imported": false,
      "search_terms": [
        "style",
        "holland",
        "other",
        "eggplant",
        "produce",
        "pride",
        "purple"
      ],
      "upc": null,
      "processed_at": "2025-06-25T12:36:12.972394"
    },
    {
      "sku": "BALDOR_SPFR1F",
      "supplier_sku": "SPFR1F",
      "name": "DATES PITTED DEGLET NOOR BOX 5 LB",
      "category": "Produce/Other",
      "brand": "Baldor",
      "supplier_id": "BALD001",
      "supplier_name": "Baldor Specialty Foods",
      "unit_size": "5 LB CTN",
      "unit_type": "case",
      "wholesale_price": 24.25,
      "retail_price": 24.25,
      "retail_unit_type": "lb",
      "retail_unit_size": "1",
      "retail_pack_size": "1",
      "retail_price_per_unit": 4.85,
      "retail_display": "$4.85/lb",
      "is_organic": false,
      "is_gluten_free": true,
      "is_vegan": true,
      "is_kosher": false,
      "is_non_gmo": false,
      "is_local": false,
      "is_imported": false,
      "search_terms": [
        "dates",
        "noor",
        "other",
        "pitted",
        "box",
        "produce",
        "deglet"
      ],
      "upc": null,
      "processed_at": "2025-06-25T12:36:12.972402"
    },
    {
      "sku": "BALDOR_EGG91A",
      "supplier_sku": "EGG91A",
      "name": "EGGPLANT GRAFFITI 11 LB",
      "category": "Produce/Other",
      "brand": "Baldor",
      "supplier_id": "BALD001",
      "supplier_name": "Baldor Specialty Foods",
      "unit_size": "11 LB CTN",
      "unit_type": "case",
      "wholesale_price": 38.0,
      "retail_price": 38.0,
      "retail_unit_type": "lb",
      "retail_unit_size": "1",
      "retail_pack_size": "1",
      "retail_price_per_unit": 3.45,
      "retail_display": "$3.45/lb",
      "is_organic": false,
      "is_gluten_free": true,
      "is_vegan": true,
      "is_kosher": false,
      "is_non_gmo": false,
      "is_local": false,
      "is_imported": false,
      "search_terms": [
        "graffiti",
        "produce",
        "other",
        "eggplant"
      ],
      "upc": null,
      "processed_at": "2025-06-25T12:36:12.972409"
    },
    {
      "sku": "BALDOR_AN",
      "supplier_sku": "AN",
      "name": "FENNEL 24 CT",
      "category": "Produce/Other",
      "brand": "Baldor",
      "supplier_id": "BALD001",
      "supplier_name": "Baldor Specialty Foods",
      "unit_size": "24 CT CTN",
      "unit_type": "case",
      "wholesale_price": 53.25,
      "retail_price": 53.25,
      "retail_unit_type": "each",
      "retail_unit_size": "1",
      "retail_pack_size": "1",
      "retail_price_per_unit": 2.22,
      "retail_display": "$2.22/each",
      "is_organic": false,
      "is_gluten_free": true,
      "is_vegan": true,
      "is_kosher": false,
      "is_non_gmo": false,
      "is_local": false,
      "is_imported": false,
      "search_terms": [
        "produce",
        "other",
        "fennel"
      ],
      "upc": null,
      "processed_at": "2025-06-25T12:36:12.972417"
    },
    {
      "sku": "BALDOR_BGG1",
      "supplier_sku": "BGG1",
      "name": "BASIL GOTHAM 12X1.25 OZ GOTHAM GREENS LCL",
      "category": "Produce/Herbs/Fresh Herbs",
      "brand": "Baldor",
      "supplier_id": "BALD001",
      "supplier_name": "Baldor Specialty Foods",
      "unit_size": "1.25 OZ CTN",
      "unit_type": "case",
      "wholesale_price": 38.0,
      "retail_price": 38.0,
      "retail_unit_type": "oz",
      "retail_unit_size": "1",
      "retail_pack_size": "1",
      "retail_price_per_unit": 30.4,
      "retail_display": "$30.40/oz",
      "is_organic": false,
      "is_gluten_free": true,
      "is_vegan": true,
      "is_kosher": false,
      "is_non_gmo": false,
      "is_local": true,
      "is_imported": false,
      "search_terms": [
        "basil",
        "herbs",
        "greens",
        "gotham",
        "produce",
        "12x1.25",
        "lcl",
        "fresh herbs"
      ],
      "upc": null,
      "processed_at": "2025-06-25T12:36:12.972426"
    },
    {
      "sku": "BALDOR_CI2",
      "supplier_sku": "CI2",
      "name": "CILANTRO CRATE 30 CT",
      "category": "Produce/Herbs/Fresh Herbs",
      "brand": "Baldor",
      "supplier_id": "BALD001",
      "supplier_name": "Baldor Specialty Foods",
      "unit_size": "30 CT CTN",
      "unit_type": "case",
      "wholesale_price": 26.0,
      "retail_price": 26.0,
      "retail_unit_type": "each",
      "retail_unit_size": "1",
      "retail_pack_size": "1",
      "retail_price_per_unit": 0.87,
      "retail_display": "$0.87/each",
      "is_organic": false,
      "is_gluten_free": true,
      "is_vegan": true,
      "is_kosher": false,
      "is_non_gmo": false,
      "is_local": false,
      "is_imported": false,
      "search_terms": [
        "herbs",
        "cilantro",
        "produce",
        "fresh herbs",
        "crate"
      ],
      "upc": null,
      "processed_at": "2025-06-25T12:36:12.972435"
    },
    {
      "sku": "BALDOR_CI21",
      "supplier_sku": "CI21",
      "name": "CILANTRO 2.2 LB",
      "category": "Produce/Herbs/Fresh Herbs",
      "brand": "Baldor",
      "supplier_id": "BALD001",
      "supplier_name": "Baldor Specialty Foods",
      "unit_size": "2.2 LB CTN",
      "unit_type": "case",
      "wholesale_price": 15.5,
      "retail_price": 15.5,
      "retail_unit_type": "lb",
      "retail_unit_size": "1",
      "retail_pack_size": "1",
      "retail_price_per_unit": 7.05,
      "retail_display": "$7.05/lb",
      "is_organic": false,
      "is_gluten_free": true,
      "is_vegan": true,
      "is_kosher": false,
      "is_non_gmo": false,
      "is_local": false,
      "is_imported": false,
      "search_terms": [
        "herbs",
        "cilantro",
        "produce",
        "2.2",
        "fresh herbs"
      ],
      "upc": null,
      "processed_at": "2025-06-25T12:36:12.972442"
    },
    {
      "sku": "BALDOR_CI21E",
      "supplier_sku": "CI21E",
      "name": "CILANTRO CLEANED 4X1 LB",
      "category": "Produce/Herbs/Fresh Herbs",
      "brand": "Baldor",
      "supplier_id": "BALD001",
      "supplier_name": "Baldor Specialty Foods",
      "unit_size": "1 LB CTN",
      "unit_type": "case",
      "wholesale_price": 26.0,
      "retail_price": 26.0,
      "retail_unit_type": "lb",
      "retail_unit_size": "1",
      "retail_pack_size": "1",
      "retail_price_per_unit": 26.0,
      "retail_display": "$26.00/lb",
      "is_organic": false,
      "is_gluten_free": true,
      "is_vegan": true,
      "is_kosher": false,
      "is_non_gmo": false,
      "is_local": false,
      "is_imported": false,
      "search_terms": [
        "herbs",
        "cilantro",
        "cleaned",
        "produce",
        "4x1",
        "fresh herbs"
      ],
      "upc": null,
      "processed_at": "2025-06-25T12:36:12.972449"
    },
    {
      "sku": "BALDOR_D2",
      "supplier_sku": "D2",
      "name": "DILL XFCY 24 CT",
      "category": "Produce/Other",
      "brand": "Baldor",
      "supplier_id": "BALD001",
      "supplier_name": "Baldor Specialty Foods",
      "unit_size": "24 CT CTN",
      "unit_type": "case",
      "wholesale_price": 31.5,
      "retail_price": 31.5,
      "retail_unit_type": "each",
      "retail_unit_size": "1",
      "retail_pack_size": "1",
      "retail_price_per_unit": 1.31,
      "retail_display": "$1.31/each",
      "is_organic": false,
      "is_gluten_free": true,
      "is_vegan": true,
      "is_kosher": false,
      "is_non_gmo": false,
      "is_local": false,
      "is_imported": false,
      "search_terms": [
        "xfcy",
        "produce",
        "other",
        "dill"
      ],
      "upc": null,
      "processed_at": "2025-06-25T12:36:12.972457"
    },
    {
      "sku": "BALDOR_FL90A",
      "supplier_sku": "FL90A",
      "name": "SQUASH BLOSSOMS 25 CT FRESH ORIGINS",
      "category": "Produce/Other",
      "brand": "Baldor",
      "supplier_id": "BALD001",
      "supplier_name": "Baldor Specialty Foods",
      "unit_size": "25 CT EACH",
      "unit_type": "case",
      "wholesale_price": 31.25,
      "retail_price": 31.25,
      "retail_unit_type": "each",
      "retail_unit_size": "1",
      "retail_pack_size": "1",
      "retail_price_per_unit": 1.25,
      "retail_display": "$1.25/each",
      "is_organic": false,
      "is_gluten_free": true,
      "is_vegan": true,
      "is_kosher": false,
      "is_non_gmo": false,
      "is_local": false,
      "is_imported": false,
      "search_terms": [
        "fresh",
        "blossoms",
        "other",
        "produce",
        "squash",
        "origins"
      ],
      "upc": null,
      "processed_at": "2025-06-25T12:36:12.972477"
    },
    {
      "sku": "BALDOR_MIC99MM",
      "supplier_sku": "MIC99MM",
      "name": "MICRO RED MUSTARD 8 OZ FRESH ORIGINS",
      "category": "Produce/Other",
      "brand": "Baldor",
      "supplier_id": "BALD001",
      "supplier_name": "Baldor Specialty Foods",
      "unit_size": "8 OZ EACH",
      "unit_type": "case",
      "wholesale_price": 34.5,
      "retail_price": 34.5,
      "retail_unit_type": "oz",
      "retail_unit_size": "1",
      "retail_pack_size": "1",
      "retail_price_per_unit": 4.31,
      "retail_display": "$4.31/oz",
      "is_organic": false,
      "is_gluten_free": true,
      "is_vegan": true,
      "is_kosher": false,
      "is_non_gmo": false,
      "is_local": false,
      "is_imported": false,
      "search_terms": [
        "fresh",
        "micro",
        "other",
        "red",
        "produce",
        "mustard",
        "origins"
      ],
      "upc": null,
      "processed_at": "2025-06-25T12:36:12.972486"
    },
    {
      "sku": "BALDOR_MICAF27",
      "supplier_sku": "MICAF27",
      "name": "MICRO RAINBOW MIX 6X2 OZ AEROF LCL",
      "category": "Produce/Other",
      "brand": "Baldor",
      "supplier_id": "BALD001",
      "supplier_name": "Baldor Specialty Foods",
      "unit_size": "2 OZ CTN",
      "unit_type": "case",
      "wholesale_price": 19.5,
      "retail_price": 19.5,
      "retail_unit_type": "oz",
      "retail_unit_size": "1",
      "retail_pack_size": "1",
      "retail_price_per_unit": 9.75,
      "retail_display": "$9.75/oz",
      "is_organic": false,
      "is_gluten_free": true,
      "is_vegan": true,
      "is_kosher": false,
      "is_non_gmo": false,
      "is_local": true,
      "is_imported": false,
      "search_terms": [
        "6x2",
        "micro",
        "rainbow",
        "other",
        "produce",
        "aerof",
        "lcl",
        "mix"
      ],
      "upc": null,
      "processed_at": "2025-06-25T12:36:12.972495"
    },
    {
      "sku": "BALDOR_MICAF28",
      "supplier_sku": "MICAF28",
      "name": "MICRO SUPER MIX 6X2 OZ AEROF LCL",
      "category": "Produce/Other",
      "brand": "Baldor",
      "supplier_id": "BALD001",
      "supplier_name": "Baldor Specialty Foods",
      "unit_size": "2 OZ CTN",
      "unit_type": "case",
      "wholesale_price": 19.5,
      "retail_price": 19.5,
      "retail_unit_type": "oz",
      "retail_unit_size": "1",
      "retail_pack_size": "1",
      "retail_price_per_unit": 9.75,
      "retail_display": "$9.75/oz",
      "is_organic": false,
      "is_gluten_free": true,
      "is_vegan": true,
      "is_kosher": false,
      "is_non_gmo": false,
      "is_local": true,
      "is_imported": false,
      "search_terms": [
        "6x2",
        "micro",
        "other",
        "super",
        "produce",
        "aerof",
        "lcl",
        "mix"
      ],
      "upc": null,
      "processed_at": "2025-06-25T12:36:12.972504"
    },
    {
      "sku": "BALDOR_MICAF29",
      "supplier_sku": "MICAF29",
      "name": "MICRO SPICY MIX 6X2 OZ AEROF LCL",
      "category": "Produce/Other",
      "brand": "Baldor",
      "supplier_id": "BALD001",
      "supplier_name": "Baldor Specialty Foods",
      "unit_size": "2 OZ CTN",
      "unit_type": "case",
      "wholesale_price": 19.5,
      "retail_price": 19.5,
      "retail_unit_type": "oz",
      "retail_unit_size": "1",
      "retail_pack_size": "1",
      "retail_price_per_unit": 9.75,
      "retail_display": "$9.75/oz",
      "is_organic": false,
      "is_gluten_free": true,
      "is_vegan": true,
      "is_kosher": false,
      "is_non_gmo": false,
      "is_local": true,
      "is_imported": false,
      "search_terms": [
        "6x2",
        "micro",
        "spicy",
        "other",
        "produce",
        "aerof",
        "lcl",
        "mix"
      ],
      "upc": null,
      "processed_at": "2025-06-25T12:36:12.972511"
    },
    {
      "sku": "BALDOR_MICAF32",
      "supplier_sku": "MICAF32",
      "name": "MICRO BROCCOLI 6X2 OZ AEROF LCL",
      "category": "Produce/Vegetables/Brassicas",
      "brand": "Baldor",
      "supplier_id": "BALD001",
      "supplier_name": "Baldor Specialty Foods",
      "unit_size": "2 OZ CTN",
      "unit_type": "case",
      "wholesale_price": 19.5,
      "retail_price": 19.5,
      "retail_unit_type": "oz",
      "retail_unit_size": "1",
      "retail_pack_size": "1",
      "retail_price_per_unit": 9.75,
      "retail_display": "$9.75/oz",
      "is_organic": false,
      "is_gluten_free": true,
      "is_vegan": true,
      "is_kosher": false,
      "is_non_gmo": false,
      "is_local": true,
      "is_imported": false,
      "search_terms": [
        "broccoli",
        "6x2",
        "micro",
        "brassicas",
        "vegetables",
        "produce",
        "aerof",
        "lcl"
      ],
      "upc": null,
      "processed_at": "2025-06-25T12:36:12.972519"
    },
    {
      "sku": "BALDOR_MICAF33",
      "supplier_sku": "MICAF33",
      "name": "MICRO WASABI MUSTARD 6X2 OZ AEROFARMS LCL",
      "category": "Produce/Other",
      "brand": "Baldor",
      "supplier_id": "BALD001",
      "supplier_name": "Baldor Specialty Foods",
      "unit_size": "2 OZ CTN",
      "unit_type": "case",
      "wholesale_price": 19.5,
      "retail_price": 19.5,
      "retail_unit_type": "oz",
      "retail_unit_size": "1",
      "retail_pack_size": "1",
      "retail_price_per_unit": 9.75,
      "retail_display": "$9.75/oz",
      "is_organic": false,
      "is_gluten_free": true,
      "is_vegan": true,
      "is_kosher": false,
      "is_non_gmo": false,
      "is_local": true,
      "is_imported": false,
      "search_terms": [
        "wasabi",
        "micro",
        "aerofarms",
        "other",
        "produce",
        "6x2",
        "mustard",
        "lcl"
      ],
      "upc": null,
      "processed_at": "2025-06-25T12:36:12.972527"
    },
    {
      "sku": "BALDOR_ON99",
      "supplier_sku": "ON99",
      "name": "ONION WHITE 50 LB",
      "category": "Produce/Vegetables/Onions",
      "brand": "Baldor",
      "supplier_id": "BALD001",
      "supplier_name": "Baldor Specialty Foods",
      "unit_size": "50 LB CTN",
      "unit_type": "case",
      "wholesale_price": 37.0,
      "retail_price": 37.0,
      "retail_unit_type": "lb",
      "retail_unit_size": "1",
      "retail_pack_size": "1",
      "retail_price_per_unit": 0.74,
      "retail_display": "$0.74/lb",
      "is_organic": false,
      "is_gluten_free": true,
      "is_vegan": true,
      "is_kosher": false,
      "is_non_gmo": false,
      "is_local": false,
      "is_imported": false,
      "search_terms": [
        "onions",
        "onion",
        "white",
        "vegetables",
        "produce"
      ],
      "upc": null,
      "processed_at": "2025-06-25T12:36:12.972534"
    },
    {
      "sku": "BALDOR_P2",
      "supplier_sku": "P2",
      "name": "PARSLEY ITALIAN 60CT BSH",
      "category": "Produce/Herbs/Fresh Herbs",
      "brand": "Baldor",
      "supplier_id": "BALD001",
      "supplier_name": "Baldor Specialty Foods",
      "unit_size": "60 BU CTN",
      "unit_type": "case",
      "wholesale_price": 40.75,
      "retail_price": 40.75,
      "retail_unit_type": "bunch",
      "retail_unit_size": "1",
      "retail_pack_size": "1",
      "retail_price_per_unit": 0.68,
      "retail_display": "$0.68/bunch",
      "is_organic": false,
      "is_gluten_free": true,
      "is_vegan": true,
      "is_kosher": false,
      "is_non_gmo": false,
      "is_local": false,
      "is_imported": false,
      "search_terms": [
        "herbs",
        "italian",
        "60ct",
        "bsh",
        "produce",
        "parsley",
        "fresh herbs"
      ],
      "upc": null,
      "processed_at": "2025-06-25T12:36:12.972549"
    },
    {
      "sku": "BALDOR_P2A",
      "supplier_sku": "P2A",
      "name": "PARSLEY ITALIAN 30 CT 1/2 BSH",
      "category": "Produce/Herbs/Fresh Herbs",
      "brand": "Baldor",
      "supplier_id": "BALD001",
      "supplier_name": "Baldor Specialty Foods",
      "unit_size": "30 CT CTN",
      "unit_type": "case",
      "wholesale_price": 30.0,
      "retail_price": 30.0,
      "retail_unit_type": "each",
      "retail_unit_size": "1",
      "retail_pack_size": "1",
      "retail_price_per_unit": 1.0,
      "retail_display": "$1.00/each",
      "is_organic": false,
      "is_gluten_free": true,
      "is_vegan": true,
      "is_kosher": false,
      "is_non_gmo": false,
      "is_local": false,
      "is_imported": false,
      "search_terms": [
        "herbs",
        "italian",
        "bsh",
        "produce",
        "parsley",
        "fresh herbs"
      ],
      "upc": null,
      "processed_at": "2025-06-25T12:36:12.972558"
    },
    {
      "sku": "BALDOR_P3",
      "supplier_sku": "P3",
      "name": "PARSLEY CURLY 60CT BSH",
      "category": "Produce/Herbs/Fresh Herbs",
      "brand": "Baldor",
      "supplier_id": "BALD001",
      "supplier_name": "Baldor Specialty Foods",
      "unit_size": "60 BU CTN",
      "unit_type": "case",
      "wholesale_price": 39.5,
      "retail_price": 39.5,
      "retail_unit_type": "bunch",
      "retail_unit_size": "1",
      "retail_pack_size": "1",
      "retail_price_per_unit": 0.66,
      "retail_display": "$0.66/bunch",
      "is_organic": false,
      "is_gluten_free": true,
      "is_vegan": true,
      "is_kosher": false,
      "is_non_gmo": false,
      "is_local": false,
      "is_imported": false,
      "search_terms": [
        "herbs",
        "60ct",
        "bsh",
        "produce",
        "curly",
        "parsley",
        "fresh herbs"
      ],
      "upc": null,
      "processed_at": "2025-06-25T12:36:12.972567"
    },
    {
      "sku": "BALDOR_CIDER0",
      "supplier_sku": "CIDER0",
      "name": "CIDER APPLE 4X1 GAL RED JACKET LCL",
      "category": "Produce/Fruit/Apples",
      "brand": "Baldor",
      "supplier_id": "BALD001",
      "supplier_name": "Baldor Specialty Foods",
      "unit_size": "1 GAL CTN",
      "unit_type": "case",
      "wholesale_price": 31.0,
      "retail_price": 31.0,
      "retail_unit_type": "case",
      "retail_unit_size": "1 GAL CTN",
      "retail_pack_size": "1",
      "retail_price_per_unit": 31.0,
      "retail_display": "$31.00/case",
      "is_organic": false,
      "is_gluten_free": true,
      "is_vegan": true,
      "is_kosher": false,
      "is_non_gmo": false,
      "is_local": true,
      "is_imported": false,
      "search_terms": [
        "apple",
        "gal",
        "fruit",
        "jacket",
        "apples",
        "red",
        "produce",
        "4x1",
        "lcl",
        "cider"
      ],
      "upc": null,
      "processed_at": "2025-06-25T12:36:12.972576"
    },
    {
      "sku": "BALDOR_CIDER3",
      "supplier_sku": "CIDER3",
      "name": "CIDER APPLE 9X1/2 GAL RED JACKET LCL",
      "category": "Produce/Fruit/Apples",
      "brand": "Baldor",
      "supplier_id": "BALD001",
      "supplier_name": "Baldor Specialty Foods",
      "unit_size": "1/2 GAL CTN",
      "unit_type": "case",
      "wholesale_price": 35.0,
      "retail_price": 35.0,
      "retail_unit_type": "case",
      "retail_unit_size": "1/2 GAL CTN",
      "retail_pack_size": "1",
      "retail_price_per_unit": 35.0,
      "retail_display": "$35.00/case",
      "is_organic": false,
      "is_gluten_free": true,
      "is_vegan": true,
      "is_kosher": false,
      "is_non_gmo": false,
      "is_local": true,
      "is_imported": false,
      "search_terms": [
        "9x1",
        "apple",
        "gal",
        "fruit",
        "jacket",
        "apples",
        "red",
        "produce",
        "lcl",
        "cider"
      ],
      "upc": null,
      "processed_at": "2025-06-25T12:36:12.972586"
    },
    {
      "sku": "BALDOR_JU10",
      "supplier_sku": "JU10",
      "name": "JUICE LIME NATURAL STRENGTH CONCENTRATE 6X32 OZ ORCHID ISLAND",
      "category": "Produce/Fruit/Citrus",
      "brand": "Baldor",
      "supplier_id": "BALD001",
      "supplier_name": "Baldor Specialty Foods",
      "unit_size": "32 OZ CTN",
      "unit_type": "case",
      "wholesale_price": 29.25,
      "retail_price": 29.25,
      "retail_unit_type": "oz",
      "retail_unit_size": "1",
      "retail_pack_size": "1",
      "retail_price_per_unit": 0.91,
      "retail_display": "$0.91/oz",
      "is_organic": false,
      "is_gluten_free": true,
      "is_vegan": true,
      "is_kosher": false,
      "is_non_gmo": false,
      "is_local": false,
      "is_imported": false,
      "search_terms": [
        "island",
        "6x32",
        "strength",
        "citrus",
        "fruit",
        "natural",
        "lime",
        "juice",
        "produce",
        "orchid",
        "concentrate"
      ],
      "upc": null,
      "processed_at": "2025-06-25T12:36:12.972597"
    },
    {
      "sku": "BALDOR_JU12B",
      "supplier_sku": "JU12B",
      "name": "JUICE PINEAPPLE ORANGE 6X32 OZ ORCHID ISLAND",
      "category": "Produce/Fruit/Apples",
      "brand": "Baldor",
      "supplier_id": "BALD001",
      "supplier_name": "Baldor Specialty Foods",
      "unit_size": "32 OZ CTN",
      "unit_type": "case",
      "wholesale_price": 23.25,
      "retail_price": 23.25,
      "retail_unit_type": "oz",
      "retail_unit_size": "1",
      "retail_pack_size": "1",
      "retail_price_per_unit": 0.73,
      "retail_display": "$0.73/oz",
      "is_organic": false,
      "is_gluten_free": true,
      "is_vegan": true,
      "is_kosher": false,
      "is_non_gmo": false,
      "is_local": false,
      "is_imported": false,
      "search_terms": [
        "island",
        "6x32",
        "fruit",
        "apples",
        "juice",
        "produce",
        "orange",
        "orchid",
        "pineapple"
      ],
      "upc": null,
      "processed_at": "2025-06-25T12:36:12.972606"
    },
    {
      "sku": "BALDOR_JU12C1",
      "supplier_sku": "JU12C1",
      "name": "JUICE MANGO ORANGE 6X12OZ ORCHID ISLAND",
      "category": "Produce/Fruit/Citrus",
      "brand": "Baldor",
      "supplier_id": "BALD001",
      "supplier_name": "Baldor Specialty Foods",
      "unit_size": "12 OZ CTN",
      "unit_type": "case",
      "wholesale_price": 12.75,
      "retail_price": 12.75,
      "retail_unit_type": "oz",
      "retail_unit_size": "1",
      "retail_pack_size": "1",
      "retail_price_per_unit": 1.06,
      "retail_display": "$1.06/oz",
      "is_organic": false,
      "is_gluten_free": true,
      "is_vegan": true,
      "is_kosher": false,
      "is_non_gmo": false,
      "is_local": false,
      "is_imported": false,
      "search_terms": [
        "island",
        "citrus",
        "6x12oz",
        "fruit",
        "juice",
        "mango",
        "produce",
        "orange",
        "orchid"
      ],
      "upc": null,
      "processed_at": "2025-06-25T12:36:12.972615"
    },
    {
      "sku": "BALDOR_JU141",
      "supplier_sku": "JU141",
      "name": "JUICE TANGERINE 6X12 OZ ORCHID ISLAND",
      "category": "Produce/Other",
      "brand": "Baldor",
      "supplier_id": "BALD001",
      "supplier_name": "Baldor Specialty Foods",
      "unit_size": "12OZ CTN",
      "unit_type": "case",
      "wholesale_price": 13.75,
      "retail_price": 13.75,
      "retail_unit_type": "oz",
      "retail_unit_size": "1",
      "retail_pack_size": "1",
      "retail_price_per_unit": 1.15,
      "retail_display": "$1.15/oz",
      "is_organic": false,
      "is_gluten_free": true,
      "is_vegan": true,
      "is_kosher": false,
      "is_non_gmo": false,
      "is_local": false,
      "is_imported": false,
      "search_terms": [
        "island",
        "tangerine",
        "other",
        "juice",
        "produce",
        "orchid",
        "6x12"
      ],
      "upc": null,
      "processed_at": "2025-06-25T12:36:12.972624"
    },
    {
      "sku": "BALDOR_JU14A",
      "supplier_sku": "JU14A",
      "name": "JUICE TANGERINE 6X32 OZ ORCHID ISLAND",
      "category": "Produce/Other",
      "brand": "Baldor",
      "supplier_id": "BALD001",
      "supplier_name": "Baldor Specialty Foods",
      "unit_size": "32 OZ CTN",
      "unit_type": "case",
      "wholesale_price": 24.75,
      "retail_price": 24.75,
      "retail_unit_type": "oz",
      "retail_unit_size": "1",
      "retail_pack_size": "1",
      "retail_price_per_unit": 0.77,
      "retail_display": "$0.77/oz",
      "is_organic": false,
      "is_gluten_free": true,
      "is_vegan": true,
      "is_kosher": false,
      "is_non_gmo": false,
      "is_local": false,
      "is_imported": false,
      "search_terms": [
        "island",
        "6x32",
        "tangerine",
        "other",
        "juice",
        "produce",
        "orchid"
      ],
      "upc": null,
      "processed_at": "2025-06-25T12:36:12.972632"
    },
    {
      "sku": "BALDOR_JU14EE2",
      "supplier_sku": "JU14EE2",
      "name": "LEMONADE 6X16 OZ ORCHID ISLAND",
      "category": "Produce/Fruit/Citrus",
      "brand": "Baldor",
      "supplier_id": "BALD001",
      "supplier_name": "Baldor Specialty Foods",
      "unit_size": "16 OZ CTN",
      "unit_type": "case",
      "wholesale_price": 9.0,
      "retail_price": 9.0,
      "retail_unit_type": "oz",
      "retail_unit_size": "1",
      "retail_pack_size": "1",
      "retail_price_per_unit": 0.56,
      "retail_display": "$0.56/oz",
      "is_organic": false,
      "is_gluten_free": true,
      "is_vegan": true,
      "is_kosher": false,
      "is_non_gmo": false,
      "is_local": false,
      "is_imported": false,
      "search_terms": [
        "island",
        "citrus",
        "fruit",
        "6x16",
        "produce",
        "orchid",
        "lemonade"
      ],
      "upc": null,
      "processed_at": "2025-06-25T12:36:12.972639"
    },
    {
      "sku": "BALDOR_JU14H",
      "supplier_sku": "JU14H",
      "name": "JUICE LEMON 6X32 OZ ORCHID ISLAND",
      "category": "Produce/Fruit/Citrus",
      "brand": "Baldor",
      "supplier_id": "BALD001",
      "supplier_name": "Baldor Specialty Foods",
      "unit_size": "32 OZ CTN",
      "unit_type": "case",
      "wholesale_price": 27.25,
      "retail_price": 27.25,
      "retail_unit_type": "oz",
      "retail_unit_size": "1",
      "retail_pack_size": "1",
      "retail_price_per_unit": 0.85,
      "retail_display": "$0.85/oz",
      "is_organic": false,
      "is_gluten_free": true,
      "is_vegan": true,
      "is_kosher": false,
      "is_non_gmo": false,
      "is_local": false,
      "is_imported": false,
      "search_terms": [
        "island",
        "6x32",
        "citrus",
        "fruit",
        "juice",
        "lemon",
        "produce",
        "orchid"
      ],
      "upc": null,
      "processed_at": "2025-06-25T12:36:12.972647"
    },
    {
      "sku": "BALDOR_JU14J",
      "supplier_sku": "JU14J",
      "name": "JUICE LIME 6X32 OZ NOT FROM CONCENTRATE ORCHID ISLAND",
      "category": "Produce/Fruit/Citrus",
      "brand": "Baldor",
      "supplier_id": "BALD001",
      "supplier_name": "Baldor Specialty Foods",
      "unit_size": "32 OZ CTN",
      "unit_type": "case",
      "wholesale_price": 36.25,
      "retail_price": 36.25,
      "retail_unit_type": "oz",
      "retail_unit_size": "1",
      "retail_pack_size": "1",
      "retail_price_per_unit": 1.13,
      "retail_display": "$1.13/oz",
      "is_organic": false,
      "is_gluten_free": true,
      "is_vegan": true,
      "is_kosher": false,
      "is_non_gmo": false,
      "is_local": false,
      "is_imported": false,
      "search_terms": [
        "island",
        "6x32",
        "citrus",
        "fruit",
        "not",
        "lime",
        "juice",
        "from",
        "produce",
        "orchid",
        "concentrate"
      ],
      "upc": null,
      "processed_at": "2025-06-25T12:36:12.972657"
    },
    {
      "sku": "BALDOR_JU14K",
      "supplier_sku": "JU14K",
      "name": "JUICE LIME 4X1 GAL ORCHID ISLAND",
      "category": "Produce/Fruit/Citrus",
      "brand": "Baldor",
      "supplier_id": "BALD001",
      "supplier_name": "Baldor Specialty Foods",
      "unit_size": "1 GAL CTN",
      "unit_type": "case",
      "wholesale_price": 46.25,
      "retail_price": 46.25,
      "retail_unit_type": "case",
      "retail_unit_size": "1 GAL CTN",
      "retail_pack_size": "1",
      "retail_price_per_unit": 46.25,
      "retail_display": "$46.25/case",
      "is_organic": false,
      "is_gluten_free": true,
      "is_vegan": true,
      "is_kosher": false,
      "is_non_gmo": false,
      "is_local": false,
      "is_imported": false,
      "search_terms": [
        "island",
        "citrus",
        "gal",
        "fruit",
        "lime",
        "juice",
        "produce",
        "4x1",
        "orchid"
      ],
      "upc": null,
      "processed_at": "2025-06-25T12:36:12.972667"
    },
    {
      "sku": "BALDOR_JU14FF1",
      "supplier_sku": "JU14FF1",
      "name": "JUICE LEMONADE 6X56 OZ ORCHID ISLAND",
      "category": "Produce/Fruit/Citrus",
      "brand": "Baldor",
      "supplier_id": "BALD001",
      "supplier_name": "Baldor Specialty Foods",
      "unit_size": "56 OZ CTN",
      "unit_type": "case",
      "wholesale_price": 29.5,
      "retail_price": 29.5,
      "retail_unit_type": "oz",
      "retail_unit_size": "1",
      "retail_pack_size": "1",
      "retail_price_per_unit": 0.53,
      "retail_display": "$0.53/oz",
      "is_organic": false,
      "is_gluten_free": true,
      "is_vegan": true,
      "is_kosher": false,
      "is_non_gmo": false,
      "is_local": false,
      "is_imported": false,
      "search_terms": [
        "island",
        "citrus",
        "fruit",
        "juice",
        "produce",
        "6x56",
        "orchid",
        "lemonade"
      ],
      "upc": null,
      "processed_at": "2025-06-25T12:36:12.972675"
    },
    {
      "sku": "BALDOR_JU17",
      "supplier_sku": "JU17",
      "name": "JUICE LEMON 4X1 GAL ORCHID ISLAND",
      "category": "Produce/Fruit/Citrus",
      "brand": "Baldor",
      "supplier_id": "BALD001",
      "supplier_name": "Baldor Specialty Foods",
      "unit_size": "1 GAL CTN",
      "unit_type": "case",
      "wholesale_price": 61.5,
      "retail_price": 61.5,
      "retail_unit_type": "case",
      "retail_unit_size": "1 GAL CTN",
      "retail_pack_size": "1",
      "retail_price_per_unit": 61.5,
      "retail_display": "$61.50/case",
      "is_organic": false,
      "is_gluten_free": true,
      "is_vegan": true,
      "is_kosher": false,
      "is_non_gmo": false,
      "is_local": false,
      "is_imported": false,
      "search_terms": [
        "island",
        "citrus",
        "gal",
        "fruit",
        "juice",
        "lemon",
        "produce",
        "4x1",
        "orchid"
      ],
      "upc": null,
      "processed_at": "2025-06-25T12:36:12.972684"
    },
    {
      "sku": "BALDOR_JU18C1",
      "supplier_sku": "JU18C1",
      "name": "JUICE ORANGE BLOOD 6X16 OZ ORCHID ISLAND",
      "category": "Produce/Fruit/Citrus",
      "brand": "Baldor",
      "supplier_id": "BALD001",
      "supplier_name": "Baldor Specialty Foods",
      "unit_size": "12 OZ CTN",
      "unit_type": "case",
      "wholesale_price": 17.5,
      "retail_price": 17.5,
      "retail_unit_type": "oz",
      "retail_unit_size": "1",
      "retail_pack_size": "1",
      "retail_price_per_unit": 1.46,
      "retail_display": "$1.46/oz",
      "is_organic": false,
      "is_gluten_free": true,
      "is_vegan": true,
      "is_kosher": false,
      "is_non_gmo": false,
      "is_local": false,
      "is_imported": false,
      "search_terms": [
        "island",
        "citrus",
        "fruit",
        "juice",
        "6x16",
        "produce",
        "orange",
        "orchid",
        "blood"
      ],
      "upc": null,
      "processed_at": "2025-06-25T12:36:12.972693"
    },
    {
      "sku": "BALDOR_JU18D",
      "supplier_sku": "JU18D",
      "name": "JUICE ORANGE BLOOD 6X32 OZ ORCHID ISLAND",
      "category": "Produce/Fruit/Citrus",
      "brand": "Baldor",
      "supplier_id": "BALD001",
      "supplier_name": "Baldor Specialty Foods",
      "unit_size": "32 OZ CTN",
      "unit_type": "case",
      "wholesale_price": 46.0,
      "retail_price": 46.0,
      "retail_unit_type": "oz",
      "retail_unit_size": "1",
      "retail_pack_size": "1",
      "retail_price_per_unit": 1.44,
      "retail_display": "$1.44/oz",
      "is_organic": false,
      "is_gluten_free": true,
      "is_vegan": true,
      "is_kosher": false,
      "is_non_gmo": false,
      "is_local": false,
      "is_imported": false,
      "search_terms": [
        "island",
        "6x32",
        "citrus",
        "fruit",
        "juice",
        "produce",
        "orange",
        "orchid",
        "blood"
      ],
      "upc": null,
      "processed_at": "2025-06-25T12:36:12.972700"
    },
    {
      "sku": "BALDOR_JU18F1",
      "supplier_sku": "JU18F1",
      "name": "JUICE CARROT GINGER 6X12 OZ ORCHID ISLAND",
      "category": "Produce/Vegetables/Root Vegetables",
      "brand": "Baldor",
      "supplier_id": "BALD001",
      "supplier_name": "Baldor Specialty Foods",
      "unit_size": "12OZ CTN",
      "unit_type": "case",
      "wholesale_price": 17.5,
      "retail_price": 17.5,
      "retail_unit_type": "oz",
      "retail_unit_size": "1",
      "retail_pack_size": "1",
      "retail_price_per_unit": 1.46,
      "retail_display": "$1.46/oz",
      "is_organic": false,
      "is_gluten_free": true,
      "is_vegan": true,
      "is_kosher": false,
      "is_non_gmo": false,
      "is_local": false,
      "is_imported": false,
      "search_terms": [
        "island",
        "root vegetables",
        "ginger",
        "6x12",
        "vegetables",
        "juice",
        "produce",
        "orchid",
        "carrot"
      ],
      "upc": null,
      "processed_at": "2025-06-25T12:36:12.972708"
    },
    {
      "sku": "BALDOR_JU18FF",
      "supplier_sku": "JU18FF",
      "name": "JUICE CARROT GINGER 6X32 OZ ORCHID ISLAND",
      "category": "Produce/Vegetables/Root Vegetables",
      "brand": "Baldor",
      "supplier_id": "BALD001",
      "supplier_name": "Baldor Specialty Foods",
      "unit_size": "32 OZ CTN",
      "unit_type": "case",
      "wholesale_price": 27.5,
      "retail_price": 27.5,
      "retail_unit_type": "oz",
      "retail_unit_size": "1",
      "retail_pack_size": "1",
      "retail_price_per_unit": 0.86,
      "retail_display": "$0.86/oz",
      "is_organic": false,
      "is_gluten_free": true,
      "is_vegan": true,
      "is_kosher": false,
      "is_non_gmo": false,
      "is_local": false,
      "is_imported": false,
      "search_terms": [
        "island",
        "6x32",
        "root vegetables",
        "ginger",
        "vegetables",
        "juice",
        "produce",
        "orchid",
        "carrot"
      ],
      "upc": null,
      "processed_at": "2025-06-25T12:36:12.972716"
    },
    {
      "sku": "BALDOR_JU18J1",
      "supplier_sku": "JU18J1",
      "name": "JUICE ORANGE 12X12 OZ ORCHID ISLAND",
      "category": "Produce/Fruit/Citrus",
      "brand": "Baldor",
      "supplier_id": "BALD001",
      "supplier_name": "Baldor Specialty Foods",
      "unit_size": "12 OZ CTN",
      "unit_type": "case",
      "wholesale_price": 26.5,
      "retail_price": 26.5,
      "retail_unit_type": "oz",
      "retail_unit_size": "1",
      "retail_pack_size": "1",
      "retail_price_per_unit": 2.21,
      "retail_display": "$2.21/oz",
      "is_organic": false,
      "is_gluten_free": true,
      "is_vegan": true,
      "is_kosher": false,
      "is_non_gmo": false,
      "is_local": false,
      "is_imported": false,
      "search_terms": [
        "island",
        "citrus",
        "fruit",
        "juice",
        "produce",
        "orange",
        "orchid",
        "12x12"
      ],
      "upc": null,
      "processed_at": "2025-06-25T12:36:12.972723"
    },
    {
      "sku": "BALDOR_JU191",
      "supplier_sku": "JU191",
      "name": "LEMONADE STRAWBERRY 6X12 OZ ORCHID ISLAND",
      "category": "Produce/Fruit/Citrus",
      "brand": "Baldor",
      "supplier_id": "BALD001",
      "supplier_name": "Baldor Specialty Foods",
      "unit_size": "12 OZ CTN",
      "unit_type": "case",
      "wholesale_price": 9.0,
      "retail_price": 9.0,
      "retail_unit_type": "oz",
      "retail_unit_size": "1",
      "retail_pack_size": "1",
      "retail_price_per_unit": 0.75,
      "retail_display": "$0.75/oz",
      "is_organic": false,
      "is_gluten_free": true,
      "is_vegan": true,
      "is_kosher": false,
      "is_non_gmo": false,
      "is_local": false,
      "is_imported": false,
      "search_terms": [
        "island",
        "citrus",
        "strawberry",
        "fruit",
        "produce",
        "orchid",
        "lemonade",
        "6x12"
      ],
      "upc": null,
      "processed_at": "2025-06-25T12:36:12.972731"
    },
    {
      "sku": "BALDOR_JU1A",
      "supplier_sku": "JU1A",
      "name": "JUICE ORANGE 25X8 OZ ORCHID ISLAND",
      "category": "Produce/Fruit/Citrus",
      "brand": "Baldor",
      "supplier_id": "BALD001",
      "supplier_name": "Baldor Specialty Foods",
      "unit_size": "8 OZ CTN",
      "unit_type": "case",
      "wholesale_price": 32.75,
      "retail_price": 32.75,
      "retail_unit_type": "oz",
      "retail_unit_size": "1",
      "retail_pack_size": "1",
      "retail_price_per_unit": 4.09,
      "retail_display": "$4.09/oz",
      "is_organic": false,
      "is_gluten_free": true,
      "is_vegan": true,
      "is_kosher": false,
      "is_non_gmo": false,
      "is_local": false,
      "is_imported": false,
      "search_terms": [
        "island",
        "citrus",
        "fruit",
        "juice",
        "produce",
        "25x8",
        "orange",
        "orchid"
      ],
      "upc": null,
      "processed_at": "2025-06-25T12:36:12.972739"
    },
    {
      "sku": "BALDOR_JU1CAB",
      "supplier_sku": "JU1CAB",
      "name": "JUICE ORANGE 6X32 OZ ORCHID ISLAND",
      "category": "Produce/Fruit/Citrus",
      "brand": "Baldor",
      "supplier_id": "BALD001",
      "supplier_name": "Baldor Specialty Foods",
      "unit_size": "32 OZ CTN",
      "unit_type": "case",
      "wholesale_price": 25.25,
      "retail_price": 25.25,
      "retail_unit_type": "oz",
      "retail_unit_size": "1",
      "retail_pack_size": "1",
      "retail_price_per_unit": 0.79,
      "retail_display": "$0.79/oz",
      "is_organic": false,
      "is_gluten_free": true,
      "is_vegan": true,
      "is_kosher": false,
      "is_non_gmo": false,
      "is_local": false,
      "is_imported": false,
      "search_terms": [
        "island",
        "6x32",
        "citrus",
        "fruit",
        "juice",
        "produce",
        "orange",
        "orchid"
      ],
      "upc": null,
      "processed_at": "2025-06-25T12:36:12.972746"
    },
    {
      "sku": "BALDOR_JU1DAB1",
      "supplier_sku": "JU1DAB1",
      "name": "JUICE ORANGE 6X56 OZ ORCHID ISLAND",
      "category": "Produce/Fruit/Citrus",
      "brand": "Baldor",
      "supplier_id": "BALD001",
      "supplier_name": "Baldor Specialty Foods",
      "unit_size": "56 OZ CTN",
      "unit_type": "case",
      "wholesale_price": 52.25,
      "retail_price": 52.25,
      "retail_unit_type": "oz",
      "retail_unit_size": "1",
      "retail_pack_size": "1",
      "retail_price_per_unit": 0.93,
      "retail_display": "$0.93/oz",
      "is_organic": false,
      "is_gluten_free": true,
      "is_vegan": true,
      "is_kosher": false,
      "is_non_gmo": false,
      "is_local": false,
      "is_imported": false,
      "search_terms": [
        "island",
        "citrus",
        "fruit",
        "juice",
        "produce",
        "6x56",
        "orange",
        "orchid"
      ],
      "upc": null,
      "processed_at": "2025-06-25T12:36:12.972755"
    },
    {
      "sku": "BALDOR_JU20AA1",
      "supplier_sku": "JU20AA1",
      "name": "JUICE GRAPEFRUIT 12X12 OZ ORCHID ISLAND",
      "category": "Produce/Fruit/Grapes",
      "brand": "Baldor",
      "supplier_id": "BALD001",
      "supplier_name": "Baldor Specialty Foods",
      "unit_size": "12OZ CTN",
      "unit_type": "case",
      "wholesale_price": 14.92,
      "retail_price": 14.92,
      "retail_unit_type": "oz",
      "retail_unit_size": "1",
      "retail_pack_size": "1",
      "retail_price_per_unit": 1.24,
      "retail_display": "$1.24/oz",
      "is_organic": false,
      "is_gluten_free": true,
      "is_vegan": true,
      "is_kosher": false,
      "is_non_gmo": false,
      "is_local": false,
      "is_imported": false,
      "search_terms": [
        "island",
        "fruit",
        "juice",
        "produce",
        "orchid",
        "grapes",
        "12x12",
        "grapefruit"
      ],
      "upc": null,
      "processed_at": "2025-06-25T12:36:12.972763"
    },
    {
      "sku": "BALDOR_JU20BA",
      "supplier_sku": "JU20BA",
      "name": "JUICE GRAPEFRUIT 6X32 OZ ORCHID ISLAND",
      "category": "Produce/Fruit/Grapes",
      "brand": "Baldor",
      "supplier_id": "BALD001",
      "supplier_name": "Baldor Specialty Foods",
      "unit_size": "32 OZ CTN",
      "unit_type": "case",
      "wholesale_price": 35.25,
      "retail_price": 35.25,
      "retail_unit_type": "oz",
      "retail_unit_size": "1",
      "retail_pack_size": "1",
      "retail_price_per_unit": 1.1,
      "retail_display": "$1.10/oz",
      "is_organic": false,
      "is_gluten_free": true,
      "is_vegan": true,
      "is_kosher": false,
      "is_non_gmo": false,
      "is_local": false,
      "is_imported": false,
      "search_terms": [
        "island",
        "6x32",
        "fruit",
        "juice",
        "produce",
        "orchid",
        "grapes",
        "grapefruit"
      ],
      "upc": null,
      "processed_at": "2025-06-25T12:36:12.972771"
    },
    {
      "sku": "BALDOR_JU21AB1",
      "supplier_sku": "JU21AB1",
      "name": "JUICE GRAPEFRUIT 6X56 OZ ORCHID ISLAND",
      "category": "Produce/Fruit/Grapes",
      "brand": "Baldor",
      "supplier_id": "BALD001",
      "supplier_name": "Baldor Specialty Foods",
      "unit_size": "56 OZ CTN",
      "unit_type": "case",
      "wholesale_price": 51.5,
      "retail_price": 51.5,
      "retail_unit_type": "oz",
      "retail_unit_size": "1",
      "retail_pack_size": "1",
      "retail_price_per_unit": 0.92,
      "retail_display": "$0.92/oz",
      "is_organic": false,
      "is_gluten_free": true,
      "is_vegan": true,
      "is_kosher": false,
      "is_non_gmo": false,
      "is_local": false,
      "is_imported": false,
      "search_terms": [
        "island",
        "fruit",
        "juice",
        "produce",
        "6x56",
        "orchid",
        "grapes",
        "grapefruit"
      ],
      "upc": null,
      "processed_at": "2025-06-25T12:36:12.972779"
    },
    {
      "sku": "BALDOR_JU23A",
      "supplier_sku": "JU23A",
      "name": "JUICE POMEGRANATE 6X16 OZ POM WONDERFUL",
      "category": "Produce/Other",
      "brand": "Baldor",
      "supplier_id": "BALD001",
      "supplier_name": "Baldor Specialty Foods",
      "unit_size": "16 OZ CTN",
      "unit_type": "case",
      "wholesale_price": 30.0,
      "retail_price": 30.0,
      "retail_unit_type": "oz",
      "retail_unit_size": "1",
      "retail_pack_size": "1",
      "retail_price_per_unit": 1.88,
      "retail_display": "$1.88/oz",
      "is_organic": false,
      "is_gluten_free": true,
      "is_vegan": true,
      "is_kosher": false,
      "is_non_gmo": false,
      "is_local": false,
      "is_imported": false,
      "search_terms": [
        "pom",
        "other",
        "juice",
        "6x16",
        "produce",
        "wonderful",
        "pomegranate"
      ],
      "upc": null,
      "processed_at": "2025-06-25T12:36:12.972788"
    },
    {
      "sku": "BALDOR_JU24",
      "supplier_sku": "JU24",
      "name": "JUICE MARGARITA MIX 6X32 OZ NATALIES ORCHID ISLAND",
      "category": "Produce/Other",
      "brand": "Baldor",
      "supplier_id": "BALD001",
      "supplier_name": "Baldor Specialty Foods",
      "unit_size": "32 OZ CTN",
      "unit_type": "case",
      "wholesale_price": 28.92,
      "retail_price": 28.92,
      "retail_unit_type": "oz",
      "retail_unit_size": "1",
      "retail_pack_size": "1",
      "retail_price_per_unit": 0.9,
      "retail_display": "$0.90/oz",
      "is_organic": false,
      "is_gluten_free": true,
      "is_vegan": true,
      "is_kosher": false,
      "is_non_gmo": false,
      "is_local": false,
      "is_imported": false,
      "search_terms": [
        "island",
        "6x32",
        "margarita",
        "other",
        "juice",
        "natalies",
        "produce",
        "orchid",
        "mix"
      ],
      "upc": null,
      "processed_at": "2025-06-25T12:36:12.972797"
    },
    {
      "sku": "BALDOR_JU26B",
      "supplier_sku": "JU26B",
      "name": "JUICE ORANGE MANGO 6X32 OZ ORCHID ISLAND",
      "category": "Produce/Fruit/Citrus",
      "brand": "Baldor",
      "supplier_id": "BALD001",
      "supplier_name": "Baldor Specialty Foods",
      "unit_size": "32 OZ CTN",
      "unit_type": "case",
      "wholesale_price": 33.0,
      "retail_price": 33.0,
      "retail_unit_type": "oz",
      "retail_unit_size": "1",
      "retail_pack_size": "1",
      "retail_price_per_unit": 1.03,
      "retail_display": "$1.03/oz",
      "is_organic": false,
      "is_gluten_free": true,
      "is_vegan": true,
      "is_kosher": false,
      "is_non_gmo": false,
      "is_local": false,
      "is_imported": false,
      "search_terms": [
        "island",
        "6x32",
        "citrus",
        "fruit",
        "juice",
        "mango",
        "produce",
        "orange",
        "orchid"
      ],
      "upc": null,
      "processed_at": "2025-06-25T12:36:12.972805"
    },
    {
      "sku": "BALDOR_JUICE",
      "supplier_sku": "JUICE",
      "name": "JUICE ORANGE W/ PULP NFC 4X1 GAL FLORIDA'S NATURAL",
      "category": "Produce/Fruit/Citrus",
      "brand": "Baldor",
      "supplier_id": "BALD001",
      "supplier_name": "Baldor Specialty Foods",
      "unit_size": "1 GAL CTN",
      "unit_type": "case",
      "wholesale_price": 55.5,
      "retail_price": 55.5,
      "retail_unit_type": "case",
      "retail_unit_size": "1 GAL CTN",
      "retail_pack_size": "1",
      "retail_price_per_unit": 55.5,
      "retail_display": "$55.50/case",
      "is_organic": false,
      "is_gluten_free": true,
      "is_vegan": true,
      "is_kosher": false,
      "is_non_gmo": false,
      "is_local": false,
      "is_imported": false,
      "search_terms": [
        "citrus",
        "gal",
        "fruit",
        "natural",
        "nfc",
        "pulp",
        "juice",
        "produce",
        "florida's",
        "4x1",
        "orange"
      ],
      "upc": null,
      "processed_at": "2025-06-25T12:36:12.972816"
    },
    {
      "sku": "BALDOR_JUICE0",
      "supplier_sku": "JUICE0",
      "name": "JUICE ORANGE 4X1 GAL ORCHID ISLAND",
      "category": "Produce/Fruit/Citrus",
      "brand": "Baldor",
      "supplier_id": "BALD001",
      "supplier_name": "Baldor Specialty Foods",
      "unit_size": "1 GAL CTN",
      "unit_type": "case",
      "wholesale_price": 62.87,
      "retail_price": 62.87,
      "retail_unit_type": "case",
      "retail_unit_size": "1 GAL CTN",
      "retail_pack_size": "1",
      "retail_price_per_unit": 62.87,
      "retail_display": "$62.87/case",
      "is_organic": false,
      "is_gluten_free": true,
      "is_vegan": true,
      "is_kosher": false,
      "is_non_gmo": false,
      "is_local": false,
      "is_imported": false,
      "search_terms": [
        "island",
        "citrus",
        "gal",
        "fruit",
        "juice",
        "produce",
        "4x1",
        "orange",
        "orchid"
      ],
      "upc": null,
      "processed_at": "2025-06-25T12:36:12.972825"
    },
    {
      "sku": "BALDOR_JUICE1",
      "supplier_sku": "JUICE1",
      "name": "JUICE GRAPEFRUIT 4X1 GAL ORCHID ISLAND",
      "category": "Produce/Fruit/Grapes",
      "brand": "Baldor",
      "supplier_id": "BALD001",
      "supplier_name": "Baldor Specialty Foods",
      "unit_size": "1 GAL CTN",
      "unit_type": "case",
      "wholesale_price": 73.25,
      "retail_price": 73.25,
      "retail_unit_type": "case",
      "retail_unit_size": "1 GAL CTN",
      "retail_pack_size": "1",
      "retail_price_per_unit": 73.25,
      "retail_display": "$73.25/case",
      "is_organic": false,
      "is_gluten_free": true,
      "is_vegan": true,
      "is_kosher": false,
      "is_non_gmo": false,
      "is_local": false,
      "is_imported": false,
      "search_terms": [
        "island",
        "gal",
        "fruit",
        "juice",
        "produce",
        "4x1",
        "orchid",
        "grapes",
        "grapefruit"
      ],
      "upc": null,
      "processed_at": "2025-06-25T12:36:12.972834"
    },
    {
      "sku": "BALDOR_JUICE11",
      "supplier_sku": "JUICE11",
      "name": "JUICE APPLE FUJI 6X12 OZ RED JACKET LCL",
      "category": "Produce/Fruit/Apples",
      "brand": "Baldor",
      "supplier_id": "BALD001",
      "supplier_name": "Baldor Specialty Foods",
      "unit_size": "12 OZ CTN",
      "unit_type": "case",
      "wholesale_price": 10.5,
      "retail_price": 10.5,
      "retail_unit_type": "oz",
      "retail_unit_size": "1",
      "retail_pack_size": "1",
      "retail_price_per_unit": 0.88,
      "retail_display": "$0.88/oz",
      "is_organic": false,
      "is_gluten_free": true,
      "is_vegan": true,
      "is_kosher": false,
      "is_non_gmo": false,
      "is_local": true,
      "is_imported": false,
      "search_terms": [
        "apple",
        "fruit",
        "jacket",
        "apples",
        "juice",
        "fuji",
        "red",
        "produce",
        "lcl",
        "6x12"
      ],
      "upc": null,
      "processed_at": "2025-06-25T12:36:12.972844"
    },
    {
      "sku": "BALDOR_JUICE13",
      "supplier_sku": "JUICE13",
      "name": "CIDER APPLE 6X12 OZ RED JACKET LCL",
      "category": "Produce/Fruit/Apples",
      "brand": "Baldor",
      "supplier_id": "BALD001",
      "supplier_name": "Baldor Specialty Foods",
      "unit_size": "12 OZ CTN",
      "unit_type": "case",
      "wholesale_price": 10.5,
      "retail_price": 10.5,
      "retail_unit_type": "oz",
      "retail_unit_size": "1",
      "retail_pack_size": "1",
      "retail_price_per_unit": 0.88,
      "retail_display": "$0.88/oz",
      "is_organic": false,
      "is_gluten_free": true,
      "is_vegan": true,
      "is_kosher": false,
      "is_non_gmo": false,
      "is_local": true,
      "is_imported": false,
      "search_terms": [
        "apple",
        "6x12",
        "fruit",
        "jacket",
        "apples",
        "red",
        "produce",
        "lcl",
        "cider"
      ],
      "upc": null,
      "processed_at": "2025-06-25T12:36:12.972852"
    },
    {
      "sku": "BALDOR_JUICE13B1",
      "supplier_sku": "JUICE13B1",
      "name": "LEMONADE STRAWBERRY 6X56 OZ ORCHID ISLAND",
      "category": "Produce/Fruit/Citrus",
      "brand": "Baldor",
      "supplier_id": "BALD001",
      "supplier_name": "Baldor Specialty Foods",
      "unit_size": "56 OZ CTN",
      "unit_type": "case",
      "wholesale_price": 31.75,
      "retail_price": 31.75,
      "retail_unit_type": "oz",
      "retail_unit_size": "1",
      "retail_pack_size": "1",
      "retail_price_per_unit": 0.57,
      "retail_display": "$0.57/oz",
      "is_organic": false,
      "is_gluten_free": true,
      "is_vegan": true,
      "is_kosher": false,
      "is_non_gmo": false,
      "is_local": false,
      "is_imported": false,
      "search_terms": [
        "island",
        "citrus",
        "strawberry",
        "fruit",
        "produce",
        "6x56",
        "orchid",
        "lemonade"
      ],
      "upc": null,
      "processed_at": "2025-06-25T12:36:12.972860"
    },
    {
      "sku": "BALDOR_JUICE14",
      "supplier_sku": "JUICE14",
      "name": "JUICE APPLE GRAPE 6X12 OZ RED JACKET LCL",
      "category": "Produce/Fruit/Apples",
      "brand": "Baldor",
      "supplier_id": "BALD001",
      "supplier_name": "Baldor Specialty Foods",
      "unit_size": "12 OZ CTN",
      "unit_type": "case",
      "wholesale_price": 10.5,
      "retail_price": 10.5,
      "retail_unit_type": "oz",
      "retail_unit_size": "1",
      "retail_pack_size": "1",
      "retail_price_per_unit": 0.88,
      "retail_display": "$0.88/oz",
      "is_organic": false,
      "is_gluten_free": true,
      "is_vegan": true,
      "is_kosher": false,
      "is_non_gmo": false,
      "is_local": true,
      "is_imported": false,
      "search_terms": [
        "apple",
        "6x12",
        "fruit",
        "jacket",
        "apples",
        "juice",
        "red",
        "produce",
        "lcl",
        "grape"
      ],
      "upc": null,
      "processed_at": "2025-06-25T12:36:12.972868"
    },
    {
      "sku": "BALDOR_JUICE16",
      "supplier_sku": "JUICE16",
      "name": "JUICE APPLE FUJI 8X32 OZ RED JACKET LCL",
      "category": "Produce/Fruit/Apples",
      "brand": "Baldor",
      "supplier_id": "BALD001",
      "supplier_name": "Baldor Specialty Foods",
      "unit_size": "32 OZ CTN",
      "unit_type": "case",
      "wholesale_price": 29.0,
      "retail_price": 29.0,
      "retail_unit_type": "oz",
      "retail_unit_size": "1",
      "retail_pack_size": "1",
      "retail_price_per_unit": 0.91,
      "retail_display": "$0.91/oz",
      "is_organic": false,
      "is_gluten_free": true,
      "is_vegan": true,
      "is_kosher": false,
      "is_non_gmo": false,
      "is_local": true,
      "is_imported": false,
      "search_terms": [
        "8x32",
        "apple",
        "fruit",
        "jacket",
        "apples",
        "fuji",
        "juice",
        "red",
        "produce",
        "lcl"
      ],
      "upc": null,
      "processed_at": "2025-06-25T12:36:12.972876"
    },
    {
      "sku": "BALDOR_JUICE18",
      "supplier_sku": "JUICE18",
      "name": "JUICE APPLE STRAWBERRY 8X32 OZ RED JACKET LCL",
      "category": "Produce/Fruit/Apples",
      "brand": "Baldor",
      "supplier_id": "BALD001",
      "supplier_name": "Baldor Specialty Foods",
      "unit_size": "32 OZ CTN",
      "unit_type": "case",
      "wholesale_price": 29.0,
      "retail_price": 29.0,
      "retail_unit_type": "oz",
      "retail_unit_size": "1",
      "retail_pack_size": "1",
      "retail_price_per_unit": 0.91,
      "retail_display": "$0.91/oz",
      "is_organic": false,
      "is_gluten_free": true,
      "is_vegan": true,
      "is_kosher": false,
      "is_non_gmo": false,
      "is_local": true,
      "is_imported": false,
      "search_terms": [
        "8x32",
        "apple",
        "strawberry",
        "fruit",
        "jacket",
        "apples",
        "juice",
        "red",
        "produce",
        "lcl"
      ],
      "upc": null,
      "processed_at": "2025-06-25T12:36:12.972884"
    },
    {
      "sku": "BALDOR_JUICE19",
      "supplier_sku": "JUICE19",
      "name": "LEMONADE JOESS NY 6X12 OZ RED JACKET LCL",
      "category": "Produce/Fruit/Citrus",
      "brand": "Baldor",
      "supplier_id": "BALD001",
      "supplier_name": "Baldor Specialty Foods",
      "unit_size": "12 OZ CTN",
      "unit_type": "case",
      "wholesale_price": 10.5,
      "retail_price": 10.5,
      "retail_unit_type": "oz",
      "retail_unit_size": "1",
      "retail_pack_size": "1",
      "retail_price_per_unit": 0.88,
      "retail_display": "$0.88/oz",
      "is_organic": false,
      "is_gluten_free": true,
      "is_vegan": true,
      "is_kosher": false,
      "is_non_gmo": false,
      "is_local": true,
      "is_imported": false,
      "search_terms": [
        "citrus",
        "fruit",
        "jacket",
        "joess",
        "red",
        "produce",
        "lemonade",
        "lcl",
        "6x12"
      ],
      "upc": null,
      "processed_at": "2025-06-25T12:36:12.972892"
    },
    {
      "sku": "BALDOR_JUICE2",
      "supplier_sku": "JUICE2",
      "name": "JUICE LEMON 6X1 LT ORCHID ISLAND FZ",
      "category": "Produce/Fruit/Citrus",
      "brand": "Baldor",
      "supplier_id": "BALD001",
      "supplier_name": "Baldor Specialty Foods",
      "unit_size": "1 LT CTN",
      "unit_type": "case",
      "wholesale_price": 40.0,
      "retail_price": 40.0,
      "retail_unit_type": "case",
      "retail_unit_size": "1 LT CTN",
      "retail_pack_size": "1",
      "retail_price_per_unit": 40.0,
      "retail_display": "$40.00/case",
      "is_organic": false,
      "is_gluten_free": true,
      "is_vegan": true,
      "is_kosher": false,
      "is_non_gmo": false,
      "is_local": false,
      "is_imported": false,
      "search_terms": [
        "island",
        "citrus",
        "fruit",
        "juice",
        "lemon",
        "produce",
        "orchid",
        "6x1"
      ],
      "upc": null,
      "processed_at": "2025-06-25T12:36:12.972902"
    },
    {
      "sku": "BALDOR_JUICE23",
      "supplier_sku": "JUICE23",
      "name": "JUICE APPLE RASPBERRY 8X32 OZ RED JACKET LCL",
      "category": "Produce/Fruit/Apples",
      "brand": "Baldor",
      "supplier_id": "BALD001",
      "supplier_name": "Baldor Specialty Foods",
      "unit_size": "32 OZ CTN",
      "unit_type": "case",
      "wholesale_price": 32.0,
      "retail_price": 32.0,
      "retail_unit_type": "oz",
      "retail_unit_size": "1",
      "retail_pack_size": "1",
      "retail_price_per_unit": 1.0,
      "retail_display": "$1.00/oz",
      "is_organic": false,
      "is_gluten_free": true,
      "is_vegan": true,
      "is_kosher": false,
      "is_non_gmo": false,
      "is_local": true,
      "is_imported": false,
      "search_terms": [
        "8x32",
        "apple",
        "fruit",
        "jacket",
        "apples",
        "juice",
        "red",
        "produce",
        "lcl",
        "raspberry"
      ],
      "upc": null,
      "processed_at": "2025-06-25T12:36:12.972910"
    },
    {
      "sku": "BALDOR_JUICE26",
      "supplier_sku": "JUICE26",
      "name": "JUICE APRICOT STOMP 6X12 OZ RED JACKET LCL",
      "category": "Produce/Other",
      "brand": "Baldor",
      "supplier_id": "BALD001",
      "supplier_name": "Baldor Specialty Foods",
      "unit_size": "12 OZ CTN",
      "unit_type": "case",
      "wholesale_price": 16.0,
      "retail_price": 16.0,
      "retail_unit_type": "oz",
      "retail_unit_size": "1",
      "retail_pack_size": "1",
      "retail_price_per_unit": 1.33,
      "retail_display": "$1.33/oz",
      "is_organic": false,
      "is_gluten_free": true,
      "is_vegan": true,
      "is_kosher": false,
      "is_non_gmo": false,
      "is_local": true,
      "is_imported": false,
      "search_terms": [
        "stomp",
        "6x12",
        "jacket",
        "other",
        "juice",
        "red",
        "produce",
        "lcl",
        "apricot"
      ],
      "upc": null,
      "processed_at": "2025-06-25T12:36:12.972923"
    },
    {
      "sku": "BALDOR_JUICE27",
      "supplier_sku": "JUICE27",
      "name": "JUICE TART CHERRY STOMP 6X12 OZ RED JACKET LCL",
      "category": "Produce/Other",
      "brand": "Baldor",
      "supplier_id": "BALD001",
      "supplier_name": "Baldor Specialty Foods",
      "unit_size": "12 OZ CTN",
      "unit_type": "case",
      "wholesale_price": 16.0,
      "retail_price": 16.0,
      "retail_unit_type": "oz",
      "retail_unit_size": "1",
      "retail_pack_size": "1",
      "retail_price_per_unit": 1.33,
      "retail_display": "$1.33/oz",
      "is_organic": false,
      "is_gluten_free": true,
      "is_vegan": true,
      "is_kosher": false,
      "is_non_gmo": false,
      "is_local": true,
      "is_imported": false,
      "search_terms": [
        "stomp",
        "jacket",
        "other",
        "juice",
        "red",
        "produce",
        "tart",
        "cherry",
        "lcl",
        "6x12"
      ],
      "upc": null,
      "processed_at": "2025-06-25T12:36:12.972933"
    },
    {
      "sku": "BALDOR_JUICE29",
      "supplier_sku": "JUICE29",
      "name": "JUICE APPLE FUJI 9X1/2 GAL RED JACKET LCL",
      "category": "Produce/Fruit/Apples",
      "brand": "Baldor",
      "supplier_id": "BALD001",
      "supplier_name": "Baldor Specialty Foods",
      "unit_size": "64 OZ CTN",
      "unit_type": "case",
      "wholesale_price": 42.0,
      "retail_price": 42.0,
      "retail_unit_type": "oz",
      "retail_unit_size": "1",
      "retail_pack_size": "1",
      "retail_price_per_unit": 0.66,
      "retail_display": "$0.66/oz",
      "is_organic": false,
      "is_gluten_free": true,
      "is_vegan": true,
      "is_kosher": false,
      "is_non_gmo": false,
      "is_local": true,
      "is_imported": false,
      "search_terms": [
        "9x1",
        "apple",
        "gal",
        "fruit",
        "jacket",
        "apples",
        "fuji",
        "juice",
        "red",
        "produce",
        "lcl"
      ],
      "upc": null,
      "processed_at": "2025-06-25T12:36:12.972942"
    },
    {
      "sku": "BALDOR_JUICE3",
      "supplier_sku": "JUICE3",
      "name": "JUICE LIME 6X1 LT ORCHID ISLAND FZ",
      "category": "Produce/Fruit/Citrus",
      "brand": "Baldor",
      "supplier_id": "BALD001",
      "supplier_name": "Baldor Specialty Foods",
      "unit_size": "1 LT CTN",
      "unit_type": "case",
      "wholesale_price": 30.25,
      "retail_price": 30.25,
      "retail_unit_type": "case",
      "retail_unit_size": "1 LT CTN",
      "retail_pack_size": "1",
      "retail_price_per_unit": 30.25,
      "retail_display": "$30.25/case",
      "is_organic": false,
      "is_gluten_free": true,
      "is_vegan": true,
      "is_kosher": false,
      "is_non_gmo": false,
      "is_local": false,
      "is_imported": false,
      "search_terms": [
        "island",
        "citrus",
        "fruit",
        "juice",
        "lime",
        "produce",
        "orchid",
        "6x1"
      ],
      "upc": null,
      "processed_at": "2025-06-25T12:36:12.972951"
    },
    {
      "sku": "BALDOR_JUICE8G",
      "supplier_sku": "JUICE8G",
      "name": "JUICE POMEGRANATE 6X48 OZ POM WONDERFUL",
      "category": "Produce/Other",
      "brand": "Baldor",
      "supplier_id": "BALD001",
      "supplier_name": "Baldor Specialty Foods",
      "unit_size": "48 OZ CTN",
      "unit_type": "case",
      "wholesale_price": 74.0,
      "retail_price": 74.0,
      "retail_unit_type": "oz",
      "retail_unit_size": "1",
      "retail_pack_size": "1",
      "retail_price_per_unit": 1.54,
      "retail_display": "$1.54/oz",
      "is_organic": false,
      "is_gluten_free": true,
      "is_vegan": true,
      "is_kosher": false,
      "is_non_gmo": false,
      "is_local": false,
      "is_imported": false,
      "search_terms": [
        "pom",
        "other",
        "juice",
        "produce",
        "6x48",
        "wonderful",
        "pomegranate"
      ],
      "upc": null,
      "processed_at": "2025-06-25T12:36:12.972959"
    },
    {
      "sku": "BALDOR_JUICE9",
      "supplier_sku": "JUICE9",
      "name": "JUICE APPLE STRAWBERRY 6X12 OZ RED JACKET LCL",
      "category": "Produce/Fruit/Apples",
      "brand": "Baldor",
      "supplier_id": "BALD001",
      "supplier_name": "Baldor Specialty Foods",
      "unit_size": "12 OZ CTN",
      "unit_type": "case",
      "wholesale_price": 10.5,
      "retail_price": 10.5,
      "retail_unit_type": "oz",
      "retail_unit_size": "1",
      "retail_pack_size": "1",
      "retail_price_per_unit": 0.88,
      "retail_display": "$0.88/oz",
      "is_organic": false,
      "is_gluten_free": true,
      "is_vegan": true,
      "is_kosher": false,
      "is_non_gmo": false,
      "is_local": true,
      "is_imported": false,
      "search_terms": [
        "apple",
        "strawberry",
        "fruit",
        "jacket",
        "apples",
        "juice",
        "red",
        "produce",
        "lcl",
        "6x12"
      ],
      "upc": null,
      "processed_at": "2025-06-25T12:36:12.972967"
    },
    {
      "sku": "BALDOR_SPDD2R",
      "supplier_sku": "SPDD2R",
      "name": "JUICE KEY LIME 32 OZ MANHATTAN KEY LIME",
      "category": "Produce/Fruit/Citrus",
      "brand": "Baldor",
      "supplier_id": "BALD001",
      "supplier_name": "Baldor Specialty Foods",
      "unit_size": "32 OZ EACH",
      "unit_type": "case",
      "wholesale_price": 7.0,
      "retail_price": 7.0,
      "retail_unit_type": "oz",
      "retail_unit_size": "1",
      "retail_pack_size": "1",
      "retail_price_per_unit": 0.22,
      "retail_display": "$0.22/oz",
      "is_organic": false,
      "is_gluten_free": true,
      "is_vegan": true,
      "is_kosher": false,
      "is_non_gmo": false,
      "is_local": false,
      "is_imported": false,
      "search_terms": [
        "citrus",
        "fruit",
        "manhattan",
        "key",
        "lime",
        "juice",
        "produce"
      ],
      "upc": null,
      "processed_at": "2025-06-25T12:36:12.972976"
    },
    {
      "sku": "BALDOR_GI1",
      "supplier_sku": "GI1",
      "name": "GINGER 30 LB",
      "category": "Produce/Other",
      "brand": "Baldor",
      "supplier_id": "BALD001",
      "supplier_name": "Baldor Specialty Foods",
      "unit_size": "30 LB CTN",
      "unit_type": "case",
      "wholesale_price": 45.5,
      "retail_price": 45.5,
      "retail_unit_type": "lb",
      "retail_unit_size": "1",
      "retail_pack_size": "1",
      "retail_price_per_unit": 1.52,
      "retail_display": "$1.52/lb",
      "is_organic": false,
      "is_gluten_free": true,
      "is_vegan": true,
      "is_kosher": false,
      "is_non_gmo": false,
      "is_local": false,
      "is_imported": false,
      "search_terms": [
        "produce",
        "ginger",
        "other"
      ],
      "upc": null,
      "processed_at": "2025-06-25T12:36:12.972982"
    },
    {
      "sku": "BALDOR_GRA",
      "supplier_sku": "GRA",
      "name": "GRAPES RED SEEDLESS MED LG 18 LB",
      "category": "Produce/Fruit/Grapes",
      "brand": "Baldor",
      "supplier_id": "BALD001",
      "supplier_name": "Baldor Specialty Foods",
      "unit_size": "18 LB CTN",
      "unit_type": "case",
      "wholesale_price": 32.0,
      "retail_price": 32.0,
      "retail_unit_type": "lb",
      "retail_unit_size": "1",
      "retail_pack_size": "1",
      "retail_price_per_unit": 1.78,
      "retail_display": "$1.78/lb",
      "is_organic": false,
      "is_gluten_free": true,
      "is_vegan": true,
      "is_kosher": false,
      "is_non_gmo": false,
      "is_local": false,
      "is_imported": false,
      "search_terms": [
        "fruit",
        "seedless",
        "med",
        "red",
        "produce",
        "grapes"
      ],
      "upc": null,
      "processed_at": "2025-06-25T12:36:12.972991"
    },
    {
      "sku": "BALDOR_GRA1",
      "supplier_sku": "GRA1",
      "name": "GRAPES RED XFCY LG 16-18 LB",
      "category": "Produce/Fruit/Grapes",
      "brand": "Baldor",
      "supplier_id": "BALD001",
      "supplier_name": "Baldor Specialty Foods",
      "unit_size": "16-18 LB CTN",
      "unit_type": "case",
      "wholesale_price": 35.25,
      "retail_price": 35.25,
      "retail_unit_type": "lb",
      "retail_unit_size": "1",
      "retail_pack_size": "1",
      "retail_price_per_unit": 1.96,
      "retail_display": "$1.96/lb",
      "is_organic": false,
      "is_gluten_free": true,
      "is_vegan": true,
      "is_kosher": false,
      "is_non_gmo": false,
      "is_local": false,
      "is_imported": false,
      "search_terms": [
        "xfcy",
        "fruit",
        "red",
        "produce",
        "grapes"
      ],
      "upc": null,
      "processed_at": "2025-06-25T12:36:12.972998"
    },
    {
      "sku": "BALDOR_GRA2",
      "supplier_sku": "GRA2",
      "name": "GRAPES WHITE/GREEN SEEDLESS MED/LG 16-18 LB",
      "category": "Produce/Fruit/Grapes",
      "brand": "Baldor",
      "supplier_id": "BALD001",
      "supplier_name": "Baldor Specialty Foods",
      "unit_size": "16-18 LB CTN",
      "unit_type": "case",
      "wholesale_price": 32.0,
      "retail_price": 32.0,
      "retail_unit_type": "lb",
      "retail_unit_size": "1",
      "retail_pack_size": "1",
      "retail_price_per_unit": 1.78,
      "retail_display": "$1.78/lb",
      "is_organic": false,
      "is_gluten_free": true,
      "is_vegan": true,
      "is_kosher": false,
      "is_non_gmo": false,
      "is_local": false,
      "is_imported": false,
      "search_terms": [
        "seedless",
        "white",
        "fruit",
        "med",
        "produce",
        "green",
        "grapes"
      ],
      "upc": null,
      "processed_at": "2025-06-25T12:36:12.973007"
    },
    {
      "sku": "BALDOR_GRA3",
      "supplier_sku": "GRA3",
      "name": "GRAPES WHITE/GREEN SEEDLESS XFCY XLG 16-18 LB",
      "category": "Produce/Fruit/Grapes",
      "brand": "Baldor",
      "supplier_id": "BALD001",
      "supplier_name": "Baldor Specialty Foods",
      "unit_size": "16-18 LB CTN",
      "unit_type": "case",
      "wholesale_price": 35.25,
      "retail_price": 35.25,
      "retail_unit_type": "lb",
      "retail_unit_size": "1",
      "retail_pack_size": "1",
      "retail_price_per_unit": 1.96,
      "retail_display": "$1.96/lb",
      "is_organic": false,
      "is_gluten_free": true,
      "is_vegan": true,
      "is_kosher": false,
      "is_non_gmo": false,
      "is_local": false,
      "is_imported": false,
      "search_terms": [
        "xfcy",
        "white",
        "seedless",
        "fruit",
        "produce",
        "green",
        "grapes",
        "xlg"
      ],
      "upc": null,
      "processed_at": "2025-06-25T12:36:12.973016"
    },
    {
      "sku": "BALDOR_GRA7",
      "supplier_sku": "GRA7",
      "name": "GRAPES BLACK SEEDLESS LG 16-18 LB",
      "category": "Produce/Fruit/Grapes",
      "brand": "Baldor",
      "supplier_id": "BALD001",
      "supplier_name": "Baldor Specialty Foods",
      "unit_size": "16-18 LB CTN",
      "unit_type": "case",
      "wholesale_price": 36.75,
      "retail_price": 36.75,
      "retail_unit_type": "lb",
      "retail_unit_size": "1",
      "retail_pack_size": "1",
      "retail_price_per_unit": 2.04,
      "retail_display": "$2.04/lb",
      "is_organic": false,
      "is_gluten_free": true,
      "is_vegan": true,
      "is_kosher": false,
      "is_non_gmo": false,
      "is_local": false,
      "is_imported": false,
      "search_terms": [
        "fruit",
        "seedless",
        "produce",
        "black",
        "grapes"
      ],
      "upc": null,
      "processed_at": "2025-06-25T12:36:12.973026"
    },
    {
      "sku": "BALDOR_KA",
      "supplier_sku": "KA",
      "name": "KALE DECORATIVE 24 CT SALAD SAVOY",
      "category": "Produce/Vegetables/Leafy Greens",
      "brand": "Baldor",
      "supplier_id": "BALD001",
      "supplier_name": "Baldor Specialty Foods",
      "unit_size": "24 CT CTN",
      "unit_type": "case",
      "wholesale_price": 42.25,
      "retail_price": 42.25,
      "retail_unit_type": "each",
      "retail_unit_size": "1",
      "retail_pack_size": "1",
      "retail_price_per_unit": 1.76,
      "retail_display": "$1.76/each",
      "is_organic": false,
      "is_gluten_free": true,
      "is_vegan": true,
      "is_kosher": false,
      "is_non_gmo": false,
      "is_local": false,
      "is_imported": false,
      "search_terms": [
        "savoy",
        "decorative",
        "salad",
        "kale",
        "vegetables",
        "produce",
        "leafy greens"
      ],
      "upc": null,
      "processed_at": "2025-06-25T12:36:12.973034"
    },
    {
      "sku": "BALDOR_KA1",
      "supplier_sku": "KA1",
      "name": "KALE GREEN 12 CT",
      "category": "Produce/Vegetables/Leafy Greens",
      "brand": "Baldor",
      "supplier_id": "BALD001",
      "supplier_name": "Baldor Specialty Foods",
      "unit_size": "12 CT CTN",
      "unit_type": "case",
      "wholesale_price": 18.5,
      "retail_price": 18.5,
      "retail_unit_type": "each",
      "retail_unit_size": "1",
      "retail_pack_size": "1",
      "retail_price_per_unit": 1.54,
      "retail_display": "$1.54/each",
      "is_organic": false,
      "is_gluten_free": true,
      "is_vegan": true,
      "is_kosher": false,
      "is_non_gmo": false,
      "is_local": false,
      "is_imported": false,
      "search_terms": [
        "kale",
        "vegetables",
        "produce",
        "green",
        "leafy greens"
      ],
      "upc": null,
      "processed_at": "2025-06-25T12:36:12.973042"
    },
    {
      "sku": "BALDOR_KA2",
      "supplier_sku": "KA2",
      "name": "KALE LACINATO 12 CT",
      "category": "Produce/Vegetables/Leafy Greens",
      "brand": "Baldor",
      "supplier_id": "BALD001",
      "supplier_name": "Baldor Specialty Foods",
      "unit_size": "12 CT CTN",
      "unit_type": "case",
      "wholesale_price": 26.0,
      "retail_price": 26.0,
      "retail_unit_type": "each",
      "retail_unit_size": "1",
      "retail_pack_size": "1",
      "retail_price_per_unit": 2.17,
      "retail_display": "$2.17/each",
      "is_organic": false,
      "is_gluten_free": true,
      "is_vegan": true,
      "is_kosher": false,
      "is_non_gmo": false,
      "is_local": false,
      "is_imported": false,
      "search_terms": [
        "kale",
        "vegetables",
        "lacinato",
        "produce",
        "leafy greens"
      ],
      "upc": null,
      "processed_at": "2025-06-25T12:36:12.973049"
    },
    {
      "sku": "BALDOR_KA24",
      "supplier_sku": "KA24",
      "name": "KALE GREEN 24 CT",
      "category": "Produce/Vegetables/Leafy Greens",
      "brand": "Baldor",
      "supplier_id": "BALD001",
      "supplier_name": "Baldor Specialty Foods",
      "unit_size": "24 CT CTN",
      "unit_type": "case",
      "wholesale_price": 26.0,
      "retail_price": 26.0,
      "retail_unit_type": "each",
      "retail_unit_size": "1",
      "retail_pack_size": "1",
      "retail_price_per_unit": 1.08,
      "retail_display": "$1.08/each",
      "is_organic": false,
      "is_gluten_free": true,
      "is_vegan": true,
      "is_kosher": false,
      "is_non_gmo": false,
      "is_local": false,
      "is_imported": false,
      "search_terms": [
        "kale",
        "vegetables",
        "produce",
        "green",
        "leafy greens"
      ],
      "upc": null,
      "processed_at": "2025-06-25T12:36:12.973056"
    },
    {
      "sku": "BALDOR_LET5AA",
      "supplier_sku": "LET5AA",
      "name": "MACHE RETAIL 6 CT LCL",
      "category": "Produce/Other",
      "brand": "Baldor",
      "supplier_id": "BALD001",
      "supplier_name": "Baldor Specialty Foods",
      "unit_size": "6 CT CTN",
      "unit_type": "case",
      "wholesale_price": 22.25,
      "retail_price": 22.25,
      "retail_unit_type": "each",
      "retail_unit_size": "1",
      "retail_pack_size": "1",
      "retail_price_per_unit": 3.71,
      "retail_display": "$3.71/each",
      "is_organic": false,
      "is_gluten_free": true,
      "is_vegan": true,
      "is_kosher": false,
      "is_non_gmo": false,
      "is_local": true,
      "is_imported": false,
      "search_terms": [
        "other",
        "produce",
        "mache",
        "lcl",
        "retail"
      ],
      "upc": null,
      "processed_at": "2025-06-25T12:36:12.973065"
    },
    {
      "sku": "BALDOR_LET92",
      "supplier_sku": "LET92",
      "name": "COLLARD GREENS 12 CT",
      "category": "Produce/Other",
      "brand": "Baldor",
      "supplier_id": "BALD001",
      "supplier_name": "Baldor Specialty Foods",
      "unit_size": "12 CT CTN",
      "unit_type": "case",
      "wholesale_price": 25.25,
      "retail_price": 25.25,
      "retail_unit_type": "each",
      "retail_unit_size": "1",
      "retail_pack_size": "1",
      "retail_price_per_unit": 2.1,
      "retail_display": "$2.10/each",
      "is_organic": false,
      "is_gluten_free": true,
      "is_vegan": true,
      "is_kosher": false,
      "is_non_gmo": false,
      "is_local": false,
      "is_imported": false,
      "search_terms": [
        "collard",
        "other",
        "produce",
        "greens"
      ],
      "upc": null,
      "processed_at": "2025-06-25T12:36:12.973073"
    },
    {
      "sku": "BALDOR_SW",
      "supplier_sku": "SW",
      "name": "SWISS CHARD GREEN 12 CT",
      "category": "Produce/Other",
      "brand": "Baldor",
      "supplier_id": "BALD001",
      "supplier_name": "Baldor Specialty Foods",
      "unit_size": "12 CT CTN",
      "unit_type": "case",
      "wholesale_price": 28.25,
      "retail_price": 28.25,
      "retail_unit_type": "each",
      "retail_unit_size": "1",
      "retail_pack_size": "1",
      "retail_price_per_unit": 2.35,
      "retail_display": "$2.35/each",
      "is_organic": false,
      "is_gluten_free": true,
      "is_vegan": true,
      "is_kosher": false,
      "is_non_gmo": false,
      "is_local": false,
      "is_imported": false,
      "search_terms": [
        "other",
        "chard",
        "produce",
        "green",
        "swiss"
      ],
      "upc": null,
      "processed_at": "2025-06-25T12:36:12.973082"
    },
    {
      "sku": "BALDOR_SW1",
      "supplier_sku": "SW1",
      "name": "SWISS CHARD RED 12 CT",
      "category": "Produce/Other",
      "brand": "Baldor",
      "supplier_id": "BALD001",
      "supplier_name": "Baldor Specialty Foods",
      "unit_size": "12 CT CTN",
      "unit_type": "case",
      "wholesale_price": 28.25,
      "retail_price": 28.25,
      "retail_unit_type": "each",
      "retail_unit_size": "1",
      "retail_pack_size": "1",
      "retail_price_per_unit": 2.35,
      "retail_display": "$2.35/each",
      "is_organic": false,
      "is_gluten_free": true,
      "is_vegan": true,
      "is_kosher": false,
      "is_non_gmo": false,
      "is_local": false,
      "is_imported": false,
      "search_terms": [
        "other",
        "chard",
        "red",
        "produce",
        "swiss"
      ],
      "upc": null,
      "processed_at": "2025-06-25T12:36:12.973090"
    },
    {
      "sku": "BALDOR_SW5A",
      "supplier_sku": "SW5A",
      "name": "SWISS CHARD RAINBOW BRIGHT LIGHTS 12 CT",
      "category": "Produce/Other",
      "brand": "Baldor",
      "supplier_id": "BALD001",
      "supplier_name": "Baldor Specialty Foods",
      "unit_size": "12 CT CTN",
      "unit_type": "case",
      "wholesale_price": 32.0,
      "retail_price": 32.0,
      "retail_unit_type": "each",
      "retail_unit_size": "1",
      "retail_pack_size": "1",
      "retail_price_per_unit": 2.67,
      "retail_display": "$2.67/each",
      "is_organic": false,
      "is_gluten_free": true,
      "is_vegan": true,
      "is_kosher": false,
      "is_non_gmo": false,
      "is_local": false,
      "is_imported": false,
      "search_terms": [
        "rainbow",
        "bright",
        "other",
        "chard",
        "produce",
        "lights",
        "swiss"
      ],
      "upc": null,
      "processed_at": "2025-06-25T12:36:12.973099"
    },
    {
      "sku": "BALDOR_W10A",
      "supplier_sku": "W10A",
      "name": "WATERCRESS RETAIL 6X4 OZ B&W",
      "category": "Produce/Other",
      "brand": "Baldor",
      "supplier_id": "BALD001",
      "supplier_name": "Baldor Specialty Foods",
      "unit_size": "4 OZ CTN",
      "unit_type": "case",
      "wholesale_price": 15.0,
      "retail_price": 15.0,
      "retail_unit_type": "oz",
      "retail_unit_size": "1",
      "retail_pack_size": "1",
      "retail_price_per_unit": 3.75,
      "retail_display": "$3.75/oz",
      "is_organic": false,
      "is_gluten_free": true,
      "is_vegan": true,
      "is_kosher": false,
      "is_non_gmo": false,
      "is_local": false,
      "is_imported": false,
      "search_terms": [
        "other",
        "b&w",
        "produce",
        "6x4",
        "retail",
        "watercress"
      ],
      "upc": null,
      "processed_at": "2025-06-25T12:36:12.973107"
    },
    {
      "sku": "BALDOR_LE1",
      "supplier_sku": "LE1",
      "name": "LEEKS 12 CT",
      "category": "Produce/Other",
      "brand": "Baldor",
      "supplier_id": "BALD001",
      "supplier_name": "Baldor Specialty Foods",
      "unit_size": "12 CT CTN",
      "unit_type": "case",
      "wholesale_price": 39.5,
      "retail_price": 39.5,
      "retail_unit_type": "each",
      "retail_unit_size": "1",
      "retail_pack_size": "1",
      "retail_price_per_unit": 3.29,
      "retail_display": "$3.29/each",
      "is_organic": false,
      "is_gluten_free": true,
      "is_vegan": true,
      "is_kosher": false,
      "is_non_gmo": false,
      "is_local": false,
      "is_imported": false,
      "search_terms": [
        "produce",
        "other",
        "leeks"
      ],
      "upc": null,
      "processed_at": "2025-06-25T12:36:12.973115"
    },
    {
      "sku": "BALDOR_LE3",
      "supplier_sku": "LE3",
      "name": "LEEKS HOLLAND STYLE 11 LB",
      "category": "Produce/Other",
      "brand": "Baldor",
      "supplier_id": "BALD001",
      "supplier_name": "Baldor Specialty Foods",
      "unit_size": "11 LB CTN",
      "unit_type": "case",
      "wholesale_price": 34.75,
      "retail_price": 34.75,
      "retail_unit_type": "lb",
      "retail_unit_size": "1",
      "retail_pack_size": "1",
      "retail_price_per_unit": 3.16,
      "retail_display": "$3.16/lb",
      "is_organic": false,
      "is_gluten_free": true,
      "is_vegan": true,
      "is_kosher": false,
      "is_non_gmo": false,
      "is_local": false,
      "is_imported": false,
      "search_terms": [
        "leeks",
        "style",
        "holland",
        "other",
        "produce"
      ],
      "upc": null,
      "processed_at": "2025-06-25T12:36:12.973124"
    },
    {
      "sku": "BALDOR_ZURPOT01",
      "supplier_sku": "ZURPOT01",
      "name": "POTATOES RED CREAMERS PEE WEE C 12X24 OZ UR ORG",
      "category": "Produce/Vegetables/Potatoes",
      "brand": "Baldor",
      "supplier_id": "BALD001",
      "supplier_name": "Baldor Specialty Foods",
      "unit_size": "12 X 24 OZ CTN",
      "unit_type": "case",
      "wholesale_price": 40.0,
      "retail_price": 40.0,
      "retail_unit_type": "oz",
      "retail_unit_size": "1",
      "retail_pack_size": "1",
      "retail_price_per_unit": 1.67,
      "retail_display": "$1.67/oz",
      "is_organic": true,
      "is_gluten_free": true,
      "is_vegan": true,
      "is_kosher": false,
      "is_non_gmo": false,
      "is_local": false,
      "is_imported": false,
      "search_terms": [
        "12x24",
        "wee",
        "vegetables",
        "red",
        "produce",
        "potatoes",
        "org",
        "creamers",
        "pee"
      ],
      "upc": null,
      "processed_at": "2025-06-25T12:36:12.973133"
    },
    {
      "sku": "BALDOR_ZCAR126",
      "supplier_sku": "ZCAR126",
      "name": "ORGANIC CARROT STICKS",
      "category": "Produce/Vegetables/Root Vegetables",
      "brand": "Baldor",
      "supplier_id": "BALD001",
      "supplier_name": "Baldor Specialty Foods",
      "unit_size": "6 X 14 OZ CTN",
      "unit_type": "case",
      "wholesale_price": 30.75,
      "retail_price": 30.75,
      "retail_unit_type": "oz",
      "retail_unit_size": "1",
      "retail_pack_size": "1",
      "retail_price_per_unit": 2.2,
      "retail_display": "$2.20/oz",
      "is_organic": true,
      "is_gluten_free": true,
      "is_vegan": true,
      "is_kosher": false,
      "is_non_gmo": false,
      "is_local": false,
      "is_imported": false,
      "search_terms": [
        "root vegetables",
        "vegetables",
        "produce",
        "sticks",
        "organic",
        "carrot"
      ],
      "upc": null,
      "processed_at": "2025-06-25T12:36:12.973141"
    },
    {
      "sku": "BALDOR_ZURPOT02",
      "supplier_sku": "ZURPOT02",
      "name": "POTATO GOLD CREAMERS PEE WEE C 12X24 OZ UR ORG",
      "category": "Produce/Vegetables/Potatoes",
      "brand": "Baldor",
      "supplier_id": "BALD001",
      "supplier_name": "Baldor Specialty Foods",
      "unit_size": "12 X 24 OZ CTN",
      "unit_type": "case",
      "wholesale_price": 40.0,
      "retail_price": 40.0,
      "retail_unit_type": "oz",
      "retail_unit_size": "1",
      "retail_pack_size": "1",
      "retail_price_per_unit": 1.67,
      "retail_display": "$1.67/oz",
      "is_organic": true,
      "is_gluten_free": true,
      "is_vegan": true,
      "is_kosher": false,
      "is_non_gmo": false,
      "is_local": false,
      "is_imported": false,
      "search_terms": [
        "potato",
        "12x24",
        "wee",
        "vegetables",
        "produce",
        "gold",
        "org",
        "potatoes",
        "creamers",
        "pee"
      ],
      "upc": null,
      "processed_at": "2025-06-25T12:36:12.973150"
    },
    {
      "sku": "BALDOR_ZVEG16",
      "supplier_sku": "ZVEG16",
      "name": "ORGANIC CARROTCELERY STICKS",
      "category": "Produce/Vegetables/Root Vegetables",
      "brand": "Baldor",
      "supplier_id": "BALD001",
      "supplier_name": "Baldor Specialty Foods",
      "unit_size": "6 X 14 OZ CTN",
      "unit_type": "case",
      "wholesale_price": 52.0,
      "retail_price": 52.0,
      "retail_unit_type": "oz",
      "retail_unit_size": "1",
      "retail_pack_size": "1",
      "retail_price_per_unit": 3.71,
      "retail_display": "$3.71/oz",
      "is_organic": true,
      "is_gluten_free": true,
      "is_vegan": true,
      "is_kosher": false,
      "is_non_gmo": false,
      "is_local": false,
      "is_imported": false,
      "search_terms": [
        "root vegetables",
        "vegetables",
        "produce",
        "sticks",
        "carrotcelery",
        "organic"
      ],
      "upc": null,
      "processed_at": "2025-06-25T12:36:12.973157"
    },
    {
      "sku": "BALDOR_ZURPOT03",
      "supplier_sku": "ZURPOT03",
      "name": "POTATOES CONFETTI CREAMERS PEE WEE C 12X24 OZ UR ORG",
      "category": "Produce/Vegetables/Potatoes",
      "brand": "Baldor",
      "supplier_id": "BALD001",
      "supplier_name": "Baldor Specialty Foods",
      "unit_size": "12 X 24 OZ CTN",
      "unit_type": "case",
      "wholesale_price": 40.0,
      "retail_price": 40.0,
      "retail_unit_type": "oz",
      "retail_unit_size": "1",
      "retail_pack_size": "1",
      "retail_price_per_unit": 1.67,
      "retail_display": "$1.67/oz",
      "is_organic": true,
      "is_gluten_free": true,
      "is_vegan": true,
      "is_kosher": false,
      "is_non_gmo": false,
      "is_local": false,
      "is_imported": false,
      "search_terms": [
        "12x24",
        "wee",
        "vegetables",
        "confetti",
        "produce",
        "potatoes",
        "org",
        "creamers",
        "pee"
      ],
      "upc": null,
      "processed_at": "2025-06-25T12:36:12.973166"
    },
    {
      "sku": "BALDOR_ZCE3A6",
      "supplier_sku": "ZCE3A6",
      "name": "ORGANIC CELERY STICKS",
      "category": "Produce/Other",
      "brand": "Baldor",
      "supplier_id": "BALD001",
      "supplier_name": "Baldor Specialty Foods",
      "unit_size": "6 X 14 OZ CTN",
      "unit_type": "case",
      "wholesale_price": 31.25,
      "retail_price": 31.25,
      "retail_unit_type": "oz",
      "retail_unit_size": "1",
      "retail_pack_size": "1",
      "retail_price_per_unit": 2.23,
      "retail_display": "$2.23/oz",
      "is_organic": true,
      "is_gluten_free": true,
      "is_vegan": true,
      "is_kosher": false,
      "is_non_gmo": false,
      "is_local": false,
      "is_imported": false,
      "search_terms": [
        "other",
        "celery",
        "produce",
        "sticks",
        "organic"
      ],
      "upc": null,
      "processed_at": "2025-06-25T12:36:12.973173"
    },
    {
      "sku": "BALDOR_ZURBV01",
      "supplier_sku": "ZURBV01",
      "name": "BEANS FRENCH SNIPPED 6X8 OZ UR ORG",
      "category": "Produce/Other",
      "brand": "Baldor",
      "supplier_id": "BALD001",
      "supplier_name": "Baldor Specialty Foods",
      "unit_size": "6 X 8 OZ CTN",
      "unit_type": "case",
      "wholesale_price": 13.25,
      "retail_price": 13.25,
      "retail_unit_type": "oz",
      "retail_unit_size": "1",
      "retail_pack_size": "1",
      "retail_price_per_unit": 1.66,
      "retail_display": "$1.66/oz",
      "is_organic": true,
      "is_gluten_free": true,
      "is_vegan": true,
      "is_kosher": false,
      "is_non_gmo": false,
      "is_local": false,
      "is_imported": false,
      "search_terms": [
        "snipped",
        "other",
        "produce",
        "org",
        "french",
        "6x8",
        "beans"
      ],
      "upc": null,
      "processed_at": "2025-06-25T12:36:12.973182"
    },
    {
      "sku": "BALDOR_ZON98G6",
      "supplier_sku": "ZON98G6",
      "name": "ORGANIC DICED ONIONS",
      "category": "Produce/Vegetables/Onions",
      "brand": "Baldor",
      "supplier_id": "BALD001",
      "supplier_name": "Baldor Specialty Foods",
      "unit_size": "6 X 10 OZ CTN",
      "unit_type": "case",
      "wholesale_price": 22.0,
      "retail_price": 22.0,
      "retail_unit_type": "oz",
      "retail_unit_size": "1",
      "retail_pack_size": "1",
      "retail_price_per_unit": 2.2,
      "retail_display": "$2.20/oz",
      "is_organic": true,
      "is_gluten_free": true,
      "is_vegan": true,
      "is_kosher": false,
      "is_non_gmo": false,
      "is_local": false,
      "is_imported": false,
      "search_terms": [
        "onions",
        "vegetables",
        "diced",
        "produce",
        "organic"
      ],
      "upc": null,
      "processed_at": "2025-06-25T12:36:12.973189"
    },
    {
      "sku": "BALDOR_ZCAR116",
      "supplier_sku": "ZCAR116",
      "name": "ORGANIC SHREDDED CARROTS",
      "category": "Produce/Vegetables/Root Vegetables",
      "brand": "Baldor",
      "supplier_id": "BALD001",
      "supplier_name": "Baldor Specialty Foods",
      "unit_size": "6 X 10 OZ CTN",
      "unit_type": "case",
      "wholesale_price": 24.0,
      "retail_price": 24.0,
      "retail_unit_type": "oz",
      "retail_unit_size": "1",
      "retail_pack_size": "1",
      "retail_price_per_unit": 2.4,
      "retail_display": "$2.40/oz",
      "is_organic": true,
      "is_gluten_free": true,
      "is_vegan": true,
      "is_kosher": false,
      "is_non_gmo": false,
      "is_local": false,
      "is_imported": false,
      "search_terms": [
        "carrots",
        "root vegetables",
        "vegetables",
        "shredded",
        "produce",
        "organic"
      ],
      "upc": null,
      "processed_at": "2025-06-25T12:36:12.973196"
    },
    {
      "sku": "BALDOR_ZON98J6",
      "supplier_sku": "ZON98J6",
      "name": "ORGANIC DICED RED ONIONS",
      "category": "Produce/Vegetables/Onions",
      "brand": "Baldor",
      "supplier_id": "BALD001",
      "supplier_name": "Baldor Specialty Foods",
      "unit_size": "6 X 10 OZ CTN",
      "unit_type": "case",
      "wholesale_price": 24.0,
      "retail_price": 24.0,
      "retail_unit_type": "oz",
      "retail_unit_size": "1",
      "retail_pack_size": "1",
      "retail_price_per_unit": 2.4,
      "retail_display": "$2.40/oz",
      "is_organic": true,
      "is_gluten_free": true,
      "is_vegan": true,
      "is_kosher": false,
      "is_non_gmo": false,
      "is_local": false,
      "is_imported": false,
      "search_terms": [
        "onions",
        "vegetables",
        "diced",
        "produce",
        "red",
        "organic"
      ],
      "upc": null,
      "processed_at": "2025-06-25T12:36:12.973207"
    },
    {
      "sku": "BALDOR_ZCAR16",
      "supplier_sku": "ZCAR16",
      "name": "DICED ORGANIC CARROTS",
      "category": "Produce/Vegetables/Root Vegetables",
      "brand": "Baldor",
      "supplier_id": "BALD001",
      "supplier_name": "Baldor Specialty Foods",
      "unit_size": "6 X 10 OZ CTN",
      "unit_type": "case",
      "wholesale_price": 23.75,
      "retail_price": 23.75,
      "retail_unit_type": "oz",
      "retail_unit_size": "1",
      "retail_pack_size": "1",
      "retail_price_per_unit": 2.38,
      "retail_display": "$2.38/oz",
      "is_organic": true,
      "is_gluten_free": true,
      "is_vegan": true,
      "is_kosher": false,
      "is_non_gmo": false,
      "is_local": false,
      "is_imported": false,
      "search_terms": [
        "carrots",
        "root vegetables",
        "vegetables",
        "diced",
        "produce",
        "organic"
      ],
      "upc": null,
      "processed_at": "2025-06-25T12:36:12.973214"
    },
    {
      "sku": "BALDOR_ZSQ93D6",
      "supplier_sku": "ZSQ93D6",
      "name": "ORGANIC BUTTERNUT SQUASH CUBES",
      "category": "Produce/Other",
      "brand": "Baldor",
      "supplier_id": "BALD001",
      "supplier_name": "Baldor Specialty Foods",
      "unit_size": "6 X 18 OZ CTN",
      "unit_type": "case",
      "wholesale_price": 38.0,
      "retail_price": 38.0,
      "retail_unit_type": "oz",
      "retail_unit_size": "1",
      "retail_pack_size": "1",
      "retail_price_per_unit": 2.11,
      "retail_display": "$2.11/oz",
      "is_organic": true,
      "is_gluten_free": true,
      "is_vegan": true,
      "is_kosher": false,
      "is_non_gmo": false,
      "is_local": false,
      "is_imported": false,
      "search_terms": [
        "cubes",
        "other",
        "butternut",
        "produce",
        "squash",
        "organic"
      ],
      "upc": null,
      "processed_at": "2025-06-25T12:36:12.973223"
    },
    {
      "sku": "BALDOR_ZCE36",
      "supplier_sku": "ZCE36",
      "name": "ORGANIC DICED CELERY",
      "category": "Produce/Other",
      "brand": "Baldor",
      "supplier_id": "BALD001",
      "supplier_name": "Baldor Specialty Foods",
      "unit_size": "6 X 10 OZ CTN",
      "unit_type": "case",
      "wholesale_price": 22.0,
      "retail_price": 22.0,
      "retail_unit_type": "oz",
      "retail_unit_size": "1",
      "retail_pack_size": "1",
      "retail_price_per_unit": 2.2,
      "retail_display": "$2.20/oz",
      "is_organic": true,
      "is_gluten_free": true,
      "is_vegan": true,
      "is_kosher": false,
      "is_non_gmo": false,
      "is_local": false,
      "is_imported": false,
      "search_terms": [
        "other",
        "diced",
        "celery",
        "produce",
        "organic"
      ],
      "upc": null,
      "processed_at": "2025-06-25T12:36:12.973230"
    },
    {
      "sku": "BALDOR_ZVEG116",
      "supplier_sku": "ZVEG116",
      "name": "ORGANIC MIREPOIX",
      "category": "Produce/Other",
      "brand": "Baldor",
      "supplier_id": "BALD001",
      "supplier_name": "Baldor Specialty Foods",
      "unit_size": "6 X 10 OZ CTN",
      "unit_type": "case",
      "wholesale_price": 26.75,
      "retail_price": 26.75,
      "retail_unit_type": "oz",
      "retail_unit_size": "1",
      "retail_pack_size": "1",
      "retail_price_per_unit": 2.67,
      "retail_display": "$2.67/oz",
      "is_organic": true,
      "is_gluten_free": true,
      "is_vegan": true,
      "is_kosher": false,
      "is_non_gmo": false,
      "is_local": false,
      "is_imported": false,
      "search_terms": [
        "produce",
        "organic",
        "other",
        "mirepoix"
      ],
      "upc": null,
      "processed_at": "2025-06-25T12:36:12.973238"
    },
    {
      "sku": "BALDOR_ZBE5",
      "supplier_sku": "ZBE5",
      "name": "BLUEBERRIES 12X1 PT DRISCOLL ORG",
      "category": "Produce/Other",
      "brand": "Baldor",
      "supplier_id": "BALD001",
      "supplier_name": "Baldor Specialty Foods",
      "unit_size": "8 x 1 LB CTN",
      "unit_type": "case",
      "wholesale_price": 70.0,
      "retail_price": 70.0,
      "retail_unit_type": "lb",
      "retail_unit_size": "1",
      "retail_pack_size": "1",
      "retail_price_per_unit": 70.0,
      "retail_display": "$70.00/lb",
      "is_organic": true,
      "is_gluten_free": true,
      "is_vegan": true,
      "is_kosher": false,
      "is_non_gmo": false,
      "is_local": false,
      "is_imported": false,
      "search_terms": [
        "other",
        "produce",
        "org",
        "12x1",
        "driscoll",
        "blueberries"
      ],
      "upc": null,
      "processed_at": "2025-06-25T12:36:12.973246"
    },
    {
      "sku": "BALDOR_ZCAB1",
      "supplier_sku": "ZCAB1",
      "name": "CABBAGE RED 45 LB ORG",
      "category": "Produce/Other",
      "brand": "Baldor",
      "supplier_id": "BALD001",
      "supplier_name": "Baldor Specialty Foods",
      "unit_size": "45 LBS CTN",
      "unit_type": "case",
      "wholesale_price": 62.0,
      "retail_price": 62.0,
      "retail_unit_type": "lb",
      "retail_unit_size": "1",
      "retail_pack_size": "1",
      "retail_price_per_unit": 1.38,
      "retail_display": "$1.38/lb",
      "is_organic": true,
      "is_gluten_free": true,
      "is_vegan": true,
      "is_kosher": false,
      "is_non_gmo": false,
      "is_local": false,
      "is_imported": false,
      "search_terms": [
        "other",
        "red",
        "produce",
        "org",
        "cabbage"
      ],
      "upc": null,
      "processed_at": "2025-06-25T12:36:12.973253"
    },
    {
      "sku": "BALDOR_ZBE6",
      "supplier_sku": "ZBE6",
      "name": "BLACKBERRIES 12X6 OZ DRISCOLL ORG",
      "category": "Produce/Other",
      "brand": "Baldor",
      "supplier_id": "BALD001",
      "supplier_name": "Baldor Specialty Foods",
      "unit_size": "12 x 6 OZ CTN",
      "unit_type": "case",
      "wholesale_price": 47.75,
      "retail_price": 47.75,
      "retail_unit_type": "oz",
      "retail_unit_size": "1",
      "retail_pack_size": "1",
      "retail_price_per_unit": 7.96,
      "retail_display": "$7.96/oz",
      "is_organic": true,
      "is_gluten_free": true,
      "is_vegan": true,
      "is_kosher": false,
      "is_non_gmo": false,
      "is_local": false,
      "is_imported": false,
      "search_terms": [
        "other",
        "blackberries",
        "produce",
        "org",
        "driscoll",
        "12x6"
      ],
      "upc": null,
      "processed_at": "2025-06-25T12:36:12.973262"
    },
    {
      "sku": "BALDOR_ZCAB",
      "supplier_sku": "ZCAB",
      "name": "CABBAGE GREEN 45 LB ORG",
      "category": "Produce/Other",
      "brand": "Baldor",
      "supplier_id": "BALD001",
      "supplier_name": "Baldor Specialty Foods",
      "unit_size": "45 LBS CTN",
      "unit_type": "case",
      "wholesale_price": 55.75,
      "retail_price": 55.75,
      "retail_unit_type": "lb",
      "retail_unit_size": "1",
      "retail_pack_size": "1",
      "retail_price_per_unit": 1.24,
      "retail_display": "$1.24/lb",
      "is_organic": true,
      "is_gluten_free": true,
      "is_vegan": true,
      "is_kosher": false,
      "is_non_gmo": false,
      "is_local": false,
      "is_imported": false,
      "search_terms": [
        "other",
        "produce",
        "green",
        "org",
        "cabbage"
      ],
      "upc": null,
      "processed_at": "2025-06-25T12:36:12.973269"
    },
    {
      "sku": "BALDOR_ZBE2A",
      "supplier_sku": "ZBE2A",
      "name": "RASPBERRIES 12X6 OZ DRISCOLL ORG",
      "category": "Produce/Other",
      "brand": "Baldor",
      "supplier_id": "BALD001",
      "supplier_name": "Baldor Specialty Foods",
      "unit_size": "12 x 6 OZ CTN",
      "unit_type": "case",
      "wholesale_price": 72.75,
      "retail_price": 72.75,
      "retail_unit_type": "oz",
      "retail_unit_size": "1",
      "retail_pack_size": "1",
      "retail_price_per_unit": 12.12,
      "retail_display": "$12.12/oz",
      "is_organic": true,
      "is_gluten_free": true,
      "is_vegan": true,
      "is_kosher": false,
      "is_non_gmo": false,
      "is_local": false,
      "is_imported": false,
      "search_terms": [
        "raspberries",
        "other",
        "produce",
        "org",
        "driscoll",
        "12x6"
      ],
      "upc": null,
      "processed_at": "2025-06-25T12:36:12.973278"
    },
    {
      "sku": "BALDOR_ZLE1",
      "supplier_sku": "ZLE1",
      "name": "LEEKS 12 CT ORG",
      "category": "Produce/Other",
      "brand": "Baldor",
      "supplier_id": "BALD001",
      "supplier_name": "Baldor Specialty Foods",
      "unit_size": "12 CT CTN",
      "unit_type": "case",
      "wholesale_price": 45.25,
      "retail_price": 45.25,
      "retail_unit_type": "each",
      "retail_unit_size": "1",
      "retail_pack_size": "1",
      "retail_price_per_unit": 3.77,
      "retail_display": "$3.77/each",
      "is_organic": true,
      "is_gluten_free": true,
      "is_vegan": true,
      "is_kosher": false,
      "is_non_gmo": false,
      "is_local": false,
      "is_imported": false,
      "search_terms": [
        "produce",
        "org",
        "other",
        "leeks"
      ],
      "upc": null,
      "processed_at": "2025-06-25T12:36:12.973286"
    },
    {
      "sku": "BALDOR_ZPI3",
      "supplier_sku": "ZPI3",
      "name": "PINEAPPLES 8 CT ORG",
      "category": "Produce/Fruit/Apples",
      "brand": "Baldor",
      "supplier_id": "BALD001",
      "supplier_name": "Baldor Specialty Foods",
      "unit_size": "8 CT CTN",
      "unit_type": "case",
      "wholesale_price": 34.75,
      "retail_price": 34.75,
      "retail_unit_type": "each",
      "retail_unit_size": "1",
      "retail_pack_size": "1",
      "retail_price_per_unit": 4.34,
      "retail_display": "$4.34/each",
      "is_organic": true,
      "is_gluten_free": true,
      "is_vegan": true,
      "is_kosher": false,
      "is_non_gmo": false,
      "is_local": false,
      "is_imported": false,
      "search_terms": [
        "fruit",
        "apples",
        "produce",
        "org",
        "pineapples"
      ],
      "upc": null,
      "processed_at": "2025-06-25T12:36:12.973294"
    },
    {
      "sku": "BALDOR_ZMU97M",
      "supplier_sku": "ZMU97M",
      "name": "MUSH MAITAKE FRONDOSA 6 LB MYCOPIA ORG",
      "category": "Produce/Other",
      "brand": "Baldor",
      "supplier_id": "BALD001",
      "supplier_name": "Baldor Specialty Foods",
      "unit_size": "6 LB CTN",
      "unit_type": "case",
      "wholesale_price": 45.0,
      "retail_price": 45.0,
      "retail_unit_type": "lb",
      "retail_unit_size": "1",
      "retail_pack_size": "1",
      "retail_price_per_unit": 7.5,
      "retail_display": "$7.50/lb",
      "is_organic": true,
      "is_gluten_free": true,
      "is_vegan": true,
      "is_kosher": false,
      "is_non_gmo": false,
      "is_local": false,
      "is_imported": false,
      "search_terms": [
        "maitake",
        "mycopia",
        "other",
        "produce",
        "org",
        "mush",
        "frondosa"
      ],
      "upc": null,
      "processed_at": "2025-06-25T12:36:12.973302"
    },
    {
      "sku": "BALDOR_ZKU0GG",
      "supplier_sku": "ZKU0GG",
      "name": "KUMQUATS MEIWA 10 LB GARCIA ORG FARM ORG",
      "category": "Produce/Other",
      "brand": "Baldor",
      "supplier_id": "BALD001",
      "supplier_name": "Baldor Specialty Foods",
      "unit_size": "10 LBS CTN",
      "unit_type": "case",
      "wholesale_price": 96.25,
      "retail_price": 96.25,
      "retail_unit_type": "lb",
      "retail_unit_size": "1",
      "retail_pack_size": "1",
      "retail_price_per_unit": 9.62,
      "retail_display": "$9.62/lb",
      "is_organic": true,
      "is_gluten_free": true,
      "is_vegan": true,
      "is_kosher": false,
      "is_non_gmo": false,
      "is_local": false,
      "is_imported": false,
      "search_terms": [
        "farm",
        "meiwa",
        "other",
        "garcia",
        "produce",
        "org",
        "kumquats"
      ],
      "upc": null,
      "processed_at": "2025-06-25T12:36:12.973311"
    },
    {
      "sku": "BALDOR_ZON",
      "supplier_sku": "ZON",
      "name": "ONION YELLOW 40 LB ORG",
      "category": "Produce/Vegetables/Onions",
      "brand": "Baldor",
      "supplier_id": "BALD001",
      "supplier_name": "Baldor Specialty Foods",
      "unit_size": "40 LB CTN",
      "unit_type": "case",
      "wholesale_price": 38.75,
      "retail_price": 38.75,
      "retail_unit_type": "lb",
      "retail_unit_size": "1",
      "retail_pack_size": "1",
      "retail_price_per_unit": 0.97,
      "retail_display": "$0.97/lb",
      "is_organic": true,
      "is_gluten_free": true,
      "is_vegan": true,
      "is_kosher": false,
      "is_non_gmo": false,
      "is_local": false,
      "is_imported": false,
      "search_terms": [
        "onions",
        "onion",
        "vegetables",
        "produce",
        "org",
        "yellow"
      ],
      "upc": null,
      "processed_at": "2025-06-25T12:36:12.973318"
    },
    {
      "sku": "BALDOR_ZGRA",
      "supplier_sku": "ZGRA",
      "name": "GRAPES RED 18 LB ORG",
      "category": "Produce/Fruit/Grapes",
      "brand": "Baldor",
      "supplier_id": "BALD001",
      "supplier_name": "Baldor Specialty Foods",
      "unit_size": "18 LB CTN",
      "unit_type": "case",
      "wholesale_price": 81.25,
      "retail_price": 81.25,
      "retail_unit_type": "lb",
      "retail_unit_size": "1",
      "retail_pack_size": "1",
      "retail_price_per_unit": 4.51,
      "retail_display": "$4.51/lb",
      "is_organic": true,
      "is_gluten_free": true,
      "is_vegan": true,
      "is_kosher": false,
      "is_non_gmo": false,
      "is_local": false,
      "is_imported": false,
      "search_terms": [
        "fruit",
        "red",
        "produce",
        "org",
        "grapes"
      ],
      "upc": null,
      "processed_at": "2025-06-25T12:36:12.973328"
    },
    {
      "sku": "BALDOR_ZCAR3D1",
      "supplier_sku": "ZCAR3D1",
      "name": "CARROT RAINBOW MIX 25 LB NORWICH ORG LCL",
      "category": "Produce/Vegetables/Root Vegetables",
      "brand": "Baldor",
      "supplier_id": "BALD001",
      "supplier_name": "Baldor Specialty Foods",
      "unit_size": "25 LB CTN",
      "unit_type": "case",
      "wholesale_price": 60.0,
      "retail_price": 60.0,
      "retail_unit_type": "lb",
      "retail_unit_size": "1",
      "retail_pack_size": "1",
      "retail_price_per_unit": 2.4,
      "retail_display": "$2.40/lb",
      "is_organic": true,
      "is_gluten_free": true,
      "is_vegan": true,
      "is_kosher": false,
      "is_non_gmo": false,
      "is_local": true,
      "is_imported": false,
      "search_terms": [
        "root vegetables",
        "rainbow",
        "vegetables",
        "norwich",
        "produce",
        "org",
        "mix",
        "lcl",
        "carrot"
      ],
      "upc": null,
      "processed_at": "2025-06-25T12:36:12.973336"
    },
    {
      "sku": "BALDOR_ZGRA1",
      "supplier_sku": "ZGRA1",
      "name": "GRAPES GREEN 18 LB ORG",
      "category": "Produce/Fruit/Grapes",
      "brand": "Baldor",
      "supplier_id": "BALD001",
      "supplier_name": "Baldor Specialty Foods",
      "unit_size": "18 LB CTN",
      "unit_type": "case",
      "wholesale_price": 81.25,
      "retail_price": 81.25,
      "retail_unit_type": "lb",
      "retail_unit_size": "1",
      "retail_pack_size": "1",
      "retail_price_per_unit": 4.51,
      "retail_display": "$4.51/lb",
      "is_organic": true,
      "is_gluten_free": true,
      "is_vegan": true,
      "is_kosher": false,
      "is_non_gmo": false,
      "is_local": false,
      "is_imported": false,
      "search_terms": [
        "fruit",
        "produce",
        "green",
        "org",
        "grapes"
      ],
      "upc": null,
      "processed_at": "2025-06-25T12:36:12.973343"
    },
    {
      "sku": "BALDOR_ZCAR0B",
      "supplier_sku": "ZCAR0B",
      "name": "CARROT ORANGE 25 LB NORWICH ORG LCL",
      "category": "Produce/Vegetables/Root Vegetables",
      "brand": "Baldor",
      "supplier_id": "BALD001",
      "supplier_name": "Baldor Specialty Foods",
      "unit_size": "25 LB CTN",
      "unit_type": "case",
      "wholesale_price": 59.25,
      "retail_price": 59.25,
      "retail_unit_type": "lb",
      "retail_unit_size": "1",
      "retail_pack_size": "1",
      "retail_price_per_unit": 2.37,
      "retail_display": "$2.37/lb",
      "is_organic": true,
      "is_gluten_free": true,
      "is_vegan": true,
      "is_kosher": false,
      "is_non_gmo": false,
      "is_local": true,
      "is_imported": false,
      "search_terms": [
        "root vegetables",
        "vegetables",
        "norwich",
        "produce",
        "org",
        "orange",
        "lcl",
        "carrot"
      ],
      "upc": null,
      "processed_at": "2025-06-25T12:36:12.973350"
    },
    {
      "sku": "BALDOR_ZAP80",
      "supplier_sku": "ZAP80",
      "name": "APPLES OPAL 55 CT FIRST FRUIT ORG",
      "category": "Produce/Fruit/Apples",
      "brand": "Baldor",
      "supplier_id": "BALD001",
      "supplier_name": "Baldor Specialty Foods",
      "unit_size": "55 CT CTN",
      "unit_type": "case",
      "wholesale_price": 62.75,
      "retail_price": 62.75,
      "retail_unit_type": "each",
      "retail_unit_size": "1",
      "retail_pack_size": "1",
      "retail_price_per_unit": 1.14,
      "retail_display": "$1.14/each",
      "is_organic": true,
      "is_gluten_free": true,
      "is_vegan": true,
      "is_kosher": false,
      "is_non_gmo": false,
      "is_local": false,
      "is_imported": false,
      "search_terms": [
        "first",
        "opal",
        "fruit",
        "apples",
        "produce",
        "org"
      ],
      "upc": null,
      "processed_at": "2025-06-25T12:36:12.973359"
    },
    {
      "sku": "BALDOR_ZCAR30",
      "supplier_sku": "ZCAR30",
      "name": "CARROT 24 CT CALO ORG",
      "category": "Produce/Vegetables/Root Vegetables",
      "brand": "Baldor",
      "supplier_id": "BALD001",
      "supplier_name": "Baldor Specialty Foods",
      "unit_size": "24 CT CTN",
      "unit_type": "case",
      "wholesale_price": 52.25,
      "retail_price": 52.25,
      "retail_unit_type": "each",
      "retail_unit_size": "1",
      "retail_pack_size": "1",
      "retail_price_per_unit": 2.18,
      "retail_display": "$2.18/each",
      "is_organic": true,
      "is_gluten_free": true,
      "is_vegan": true,
      "is_kosher": false,
      "is_non_gmo": false,
      "is_local": false,
      "is_imported": false,
      "search_terms": [
        "root vegetables",
        "vegetables",
        "produce",
        "org",
        "calo",
        "carrot"
      ],
      "upc": null,
      "processed_at": "2025-06-25T12:36:12.973366"
    },
    {
      "sku": "BALDOR_ZAP33C",
      "supplier_sku": "ZAP33C",
      "name": "APPLE PINK LADY 12X2 LB ORG",
      "category": "Produce/Fruit/Apples",
      "brand": "Baldor",
      "supplier_id": "BALD001",
      "supplier_name": "Baldor Specialty Foods",
      "unit_size": "12 x 2 LB CTN",
      "unit_type": "case",
      "wholesale_price": 47.25,
      "retail_price": 47.25,
      "retail_unit_type": "lb",
      "retail_unit_size": "1",
      "retail_pack_size": "1",
      "retail_price_per_unit": 23.62,
      "retail_display": "$23.62/lb",
      "is_organic": true,
      "is_gluten_free": true,
      "is_vegan": true,
      "is_kosher": false,
      "is_non_gmo": false,
      "is_local": false,
      "is_imported": false,
      "search_terms": [
        "apple",
        "12x2",
        "fruit",
        "pink",
        "lady",
        "apples",
        "produce",
        "org"
      ],
      "upc": null,
      "processed_at": "2025-06-25T12:36:12.973375"
    },
    {
      "sku": "BALDOR_ZCAR3A",
      "supplier_sku": "ZCAR3A",
      "name": "CARROT RAINBOW 24 CT ORG",
      "category": "Produce/Vegetables/Root Vegetables",
      "brand": "Baldor",
      "supplier_id": "BALD001",
      "supplier_name": "Baldor Specialty Foods",
      "unit_size": "24 CT CTN",
      "unit_type": "case",
      "wholesale_price": 62.0,
      "retail_price": 62.0,
      "retail_unit_type": "each",
      "retail_unit_size": "1",
      "retail_pack_size": "1",
      "retail_price_per_unit": 2.58,
      "retail_display": "$2.58/each",
      "is_organic": true,
      "is_gluten_free": true,
      "is_vegan": true,
      "is_kosher": false,
      "is_non_gmo": false,
      "is_local": false,
      "is_imported": false,
      "search_terms": [
        "root vegetables",
        "rainbow",
        "vegetables",
        "produce",
        "org",
        "carrot"
      ],
      "upc": null,
      "processed_at": "2025-06-25T12:36:12.973383"
    },
    {
      "sku": "BALDOR_ZAP7",
      "supplier_sku": "ZAP7",
      "name": "APPLE GALA 12X2 LB ORG",
      "category": "Produce/Fruit/Apples",
      "brand": "Baldor",
      "supplier_id": "BALD001",
      "supplier_name": "Baldor Specialty Foods",
      "unit_size": "12 x 2 LB CTN",
      "unit_type": "case",
      "wholesale_price": 41.25,
      "retail_price": 41.25,
      "retail_unit_type": "lb",
      "retail_unit_size": "1",
      "retail_pack_size": "1",
      "retail_price_per_unit": 20.62,
      "retail_display": "$20.62/lb",
      "is_organic": true,
      "is_gluten_free": true,
      "is_vegan": true,
      "is_kosher": false,
      "is_non_gmo": false,
      "is_local": false,
      "is_imported": false,
      "search_terms": [
        "apple",
        "12x2",
        "fruit",
        "apples",
        "gala",
        "produce",
        "org"
      ],
      "upc": null,
      "processed_at": "2025-06-25T12:36:12.973390"
    },
    {
      "sku": "BALDOR_ZCAR0",
      "supplier_sku": "ZCAR0",
      "name": "CARROT JUMBO 25 LB CALO ORG",
      "category": "Produce/Vegetables/Root Vegetables",
      "brand": "Baldor",
      "supplier_id": "BALD001",
      "supplier_name": "Baldor Specialty Foods",
      "unit_size": "25 LB CTN",
      "unit_type": "case",
      "wholesale_price": 31.5,
      "retail_price": 31.5,
      "retail_unit_type": "lb",
      "retail_unit_size": "1",
      "retail_pack_size": "1",
      "retail_price_per_unit": 1.26,
      "retail_display": "$1.26/lb",
      "is_organic": true,
      "is_gluten_free": true,
      "is_vegan": true,
      "is_kosher": false,
      "is_non_gmo": false,
      "is_local": false,
      "is_imported": false,
      "search_terms": [
        "root vegetables",
        "vegetables",
        "produce",
        "org",
        "jumbo",
        "calo",
        "carrot"
      ],
      "upc": null,
      "processed_at": "2025-06-25T12:36:12.973397"
    },
    {
      "sku": "BALDOR_ZAP5CRT",
      "supplier_sku": "ZAP5CRT",
      "name": "APPLE FUJI 12X2 LB ORG",
      "category": "Produce/Fruit/Apples",
      "brand": "Baldor",
      "supplier_id": "BALD001",
      "supplier_name": "Baldor Specialty Foods",
      "unit_size": "12 x 2 LB CTN",
      "unit_type": "case",
      "wholesale_price": 56.75,
      "retail_price": 56.75,
      "retail_unit_type": "lb",
      "retail_unit_size": "1",
      "retail_pack_size": "1",
      "retail_price_per_unit": 28.38,
      "retail_display": "$28.38/lb",
      "is_organic": true,
      "is_gluten_free": true,
      "is_vegan": true,
      "is_kosher": false,
      "is_non_gmo": false,
      "is_local": false,
      "is_imported": false,
      "search_terms": [
        "apple",
        "12x2",
        "fruit",
        "apples",
        "fuji",
        "produce",
        "org"
      ],
      "upc": null,
      "processed_at": "2025-06-25T12:36:12.973404"
    },
    {
      "sku": "BALDOR_ZKA1C",
      "supplier_sku": "ZKA1C",
      "name": "KALE SPIGARIELLO 12 CT COUNTY LINE ORG",
      "category": "Produce/Vegetables/Leafy Greens",
      "brand": "Baldor",
      "supplier_id": "BALD001",
      "supplier_name": "Baldor Specialty Foods",
      "unit_size": "25 LB CTN",
      "unit_type": "case",
      "wholesale_price": 25.5,
      "retail_price": 25.5,
      "retail_unit_type": "lb",
      "retail_unit_size": "1",
      "retail_pack_size": "1",
      "retail_price_per_unit": 1.02,
      "retail_display": "$1.02/lb",
      "is_organic": true,
      "is_gluten_free": true,
      "is_vegan": true,
      "is_kosher": false,
      "is_non_gmo": false,
      "is_local": false,
      "is_imported": false,
      "search_terms": [
        "line",
        "kale",
        "vegetables",
        "produce",
        "county",
        "org",
        "leafy greens",
        "spigariello"
      ],
      "upc": null,
      "processed_at": "2025-06-25T12:36:12.973412"
    },
    {
      "sku": "BALDOR_ZOR912",
      "supplier_sku": "ZOR912",
      "name": "MANDARINS TDE TRIPLE CROSS 25 LB BUCK BRAND ORG",
      "category": "Produce/Other",
      "brand": "Baldor",
      "supplier_id": "BALD001",
      "supplier_name": "Baldor Specialty Foods",
      "unit_size": "25 LBS CTN",
      "unit_type": "case",
      "wholesale_price": 72.75,
      "retail_price": 72.75,
      "retail_unit_type": "lb",
      "retail_unit_size": "1",
      "retail_pack_size": "1",
      "retail_price_per_unit": 2.91,
      "retail_display": "$2.91/lb",
      "is_organic": true,
      "is_gluten_free": true,
      "is_vegan": true,
      "is_kosher": false,
      "is_non_gmo": false,
      "is_local": false,
      "is_imported": false,
      "search_terms": [
        "cross",
        "brand",
        "buck",
        "other",
        "triple",
        "produce",
        "mandarins",
        "org",
        "tde"
      ],
      "upc": null,
      "processed_at": "2025-06-25T12:36:12.973421"
    },
    {
      "sku": "BALDOR_ZCAR32DD",
      "supplier_sku": "ZCAR32DD",
      "name": "CARROT KYOTO 10 LB NORWICH ORG LCL",
      "category": "Produce/Vegetables/Root Vegetables",
      "brand": "Baldor",
      "supplier_id": "BALD001",
      "supplier_name": "Baldor Specialty Foods",
      "unit_size": "10 LB CTN",
      "unit_type": "case",
      "wholesale_price": 51.0,
      "retail_price": 51.0,
      "retail_unit_type": "lb",
      "retail_unit_size": "1",
      "retail_pack_size": "1",
      "retail_price_per_unit": 5.1,
      "retail_display": "$5.10/lb",
      "is_organic": true,
      "is_gluten_free": true,
      "is_vegan": true,
      "is_kosher": false,
      "is_non_gmo": false,
      "is_local": true,
      "is_imported": false,
      "search_terms": [
        "root vegetables",
        "vegetables",
        "norwich",
        "kyoto",
        "produce",
        "org",
        "lcl",
        "carrot"
      ],
      "upc": null,
      "processed_at": "2025-06-25T12:36:12.973428"
    },
    {
      "sku": "BALDOR_ZOR94A",
      "supplier_sku": "ZOR94A",
      "name": "MANDARIN PAGE 25 LB ORG",
      "category": "Produce/Other",
      "brand": "Baldor",
      "supplier_id": "BALD001",
      "supplier_name": "Baldor Specialty Foods",
      "unit_size": "25LBS CTN",
      "unit_type": "case",
      "wholesale_price": 67.25,
      "retail_price": 67.25,
      "retail_unit_type": "lb",
      "retail_unit_size": "1",
      "retail_pack_size": "1",
      "retail_price_per_unit": 2.69,
      "retail_display": "$2.69/lb",
      "is_organic": true,
      "is_gluten_free": true,
      "is_vegan": true,
      "is_kosher": false,
      "is_non_gmo": false,
      "is_local": false,
      "is_imported": false,
      "search_terms": [
        "other",
        "produce",
        "org",
        "page",
        "mandarin"
      ],
      "upc": null,
      "processed_at": "2025-06-25T12:36:12.973436"
    },
    {
      "sku": "BALDOR_ZFI2N1",
      "supplier_sku": "ZFI2N1",
      "name": "POTATO FINGERLING MEDLEY 10 LB NORWICH MEADOWS ORG LCL",
      "category": "Produce/Vegetables/Potatoes",
      "brand": "Baldor",
      "supplier_id": "BALD001",
      "supplier_name": "Baldor Specialty Foods",
      "unit_size": "10 LB CTN",
      "unit_type": "case",
      "wholesale_price": 54.25,
      "retail_price": 54.25,
      "retail_unit_type": "lb",
      "retail_unit_size": "1",
      "retail_pack_size": "1",
      "retail_price_per_unit": 5.42,
      "retail_display": "$5.42/lb",
      "is_organic": true,
      "is_gluten_free": true,
      "is_vegan": true,
      "is_kosher": false,
      "is_non_gmo": false,
      "is_local": true,
      "is_imported": false,
      "search_terms": [
        "potato",
        "vegetables",
        "norwich",
        "produce",
        "medley",
        "org",
        "potatoes",
        "lcl",
        "meadows",
        "fingerling"
      ],
      "upc": null,
      "processed_at": "2025-06-25T12:36:12.973444"
    },
    {
      "sku": "BALDOR_ZOR3B",
      "supplier_sku": "ZOR3B",
      "name": "ORANGE NAVELS HEIRLOOM 56-72 CT BUCK BRAND ORG",
      "category": "Produce/Fruit/Citrus",
      "brand": "Baldor",
      "supplier_id": "BALD001",
      "supplier_name": "Baldor Specialty Foods",
      "unit_size": "56-72 CT CTN",
      "unit_type": "case",
      "wholesale_price": 61.75,
      "retail_price": 61.75,
      "retail_unit_type": "each",
      "retail_unit_size": "1",
      "retail_pack_size": "1",
      "retail_price_per_unit": 0.86,
      "retail_display": "$0.86/each",
      "is_organic": true,
      "is_gluten_free": true,
      "is_vegan": true,
      "is_kosher": false,
      "is_non_gmo": false,
      "is_local": false,
      "is_imported": false,
      "search_terms": [
        "heirloom",
        "citrus",
        "brand",
        "buck",
        "fruit",
        "navels",
        "produce",
        "org",
        "orange"
      ],
      "upc": null,
      "processed_at": "2025-06-25T12:36:12.973454"
    },
    {
      "sku": "BALDOR_ZPOT99U2",
      "supplier_sku": "ZPOT99U2",
      "name": "POTATO UPSTATE ABUNDANCE ROW 7 SEED 50 LB ORG LCL",
      "category": "Produce/Vegetables/Potatoes",
      "brand": "Baldor",
      "supplier_id": "BALD001",
      "supplier_name": "Baldor Specialty Foods",
      "unit_size": "50 LB CTN",
      "unit_type": "case",
      "wholesale_price": 145.75,
      "retail_price": 145.75,
      "retail_unit_type": "lb",
      "retail_unit_size": "1",
      "retail_pack_size": "1",
      "retail_price_per_unit": 2.92,
      "retail_display": "$2.92/lb",
      "is_organic": true,
      "is_gluten_free": true,
      "is_vegan": true,
      "is_kosher": false,
      "is_non_gmo": false,
      "is_local": true,
      "is_imported": false,
      "search_terms": [
        "potato",
        "upstate",
        "abundance",
        "seed",
        "vegetables",
        "row",
        "produce",
        "potatoes",
        "org",
        "lcl"
      ],
      "upc": null,
      "processed_at": "2025-06-25T12:36:12.973462"
    },
    {
      "sku": "BALDOR_ZTU5A",
      "supplier_sku": "ZTU5A",
      "name": "TURNIPS HINONA KABU 12 CT COUNTY LINE ORG",
      "category": "Produce/Other",
      "brand": "Baldor",
      "supplier_id": "BALD001",
      "supplier_name": "Baldor Specialty Foods",
      "unit_size": "6x5oz CTN",
      "unit_type": "case",
      "wholesale_price": 28.5,
      "retail_price": 28.5,
      "retail_unit_type": "oz",
      "retail_unit_size": "1",
      "retail_pack_size": "1",
      "retail_price_per_unit": 5.7,
      "retail_display": "$5.70/oz",
      "is_organic": true,
      "is_gluten_free": true,
      "is_vegan": true,
      "is_kosher": false,
      "is_non_gmo": false,
      "is_local": false,
      "is_imported": false,
      "search_terms": [
        "line",
        "other",
        "kabu",
        "produce",
        "county",
        "org",
        "hinona",
        "turnips"
      ],
      "upc": null,
      "processed_at": "2025-06-25T12:36:12.973471"
    },
    {
      "sku": "BALDOR_ZAP2A",
      "supplier_sku": "ZAP2A",
      "name": "APPLE GRANNY SMITH 80-88 CT ORG",
      "category": "Produce/Fruit/Apples",
      "brand": "Baldor",
      "supplier_id": "BALD001",
      "supplier_name": "Baldor Specialty Foods",
      "unit_size": "80-88 CT CTN",
      "unit_type": "case",
      "wholesale_price": 68.5,
      "retail_price": 68.5,
      "retail_unit_type": "each",
      "retail_unit_size": "1",
      "retail_pack_size": "1",
      "retail_price_per_unit": 0.78,
      "retail_display": "$0.78/each",
      "is_organic": true,
      "is_gluten_free": true,
      "is_vegan": true,
      "is_kosher": false,
      "is_non_gmo": false,
      "is_local": false,
      "is_imported": false,
      "search_terms": [
        "smith",
        "apple",
        "granny",
        "fruit",
        "apples",
        "produce",
        "org"
      ],
      "upc": null,
      "processed_at": "2025-06-25T12:36:12.973480"
    },
    {
      "sku": "BALDOR_ZA6A4",
      "supplier_sku": "ZA6A4",
      "name": "ARUGULA WILD BABY 4 LB ORG",
      "category": "Produce/Other",
      "brand": "Baldor",
      "supplier_id": "BALD001",
      "supplier_name": "Baldor Specialty Foods",
      "unit_size": "4 LB CTN",
      "unit_type": "case",
      "wholesale_price": 24.5,
      "retail_price": 24.5,
      "retail_unit_type": "lb",
      "retail_unit_size": "1",
      "retail_pack_size": "1",
      "retail_price_per_unit": 6.12,
      "retail_display": "$6.12/lb",
      "is_organic": true,
      "is_gluten_free": true,
      "is_vegan": true,
      "is_kosher": false,
      "is_non_gmo": false,
      "is_local": false,
      "is_imported": false,
      "search_terms": [
        "baby",
        "wild",
        "other",
        "arugula",
        "produce",
        "org"
      ],
      "upc": null,
      "processed_at": "2025-06-25T12:36:12.973488"
    },
    {
      "sku": "BALDOR_ZAP2G",
      "supplier_sku": "ZAP2G",
      "name": "APPLE GRANNY SMITH 100 CT ORG",
      "category": "Produce/Fruit/Apples",
      "brand": "Baldor",
      "supplier_id": "BALD001",
      "supplier_name": "Baldor Specialty Foods",
      "unit_size": "100 CT CTN",
      "unit_type": "case",
      "wholesale_price": 67.0,
      "retail_price": 67.0,
      "retail_unit_type": "each",
      "retail_unit_size": "1",
      "retail_pack_size": "1",
      "retail_price_per_unit": 0.67,
      "retail_display": "$0.67/each",
      "is_organic": true,
      "is_gluten_free": true,
      "is_vegan": true,
      "is_kosher": false,
      "is_non_gmo": false,
      "is_local": false,
      "is_imported": false,
      "search_terms": [
        "smith",
        "apple",
        "granny",
        "fruit",
        "apples",
        "produce",
        "org",
        "100"
      ],
      "upc": null,
      "processed_at": "2025-06-25T12:36:12.973497"
    },
    {
      "sku": "BALDOR_ZICE1",
      "supplier_sku": "ZICE1",
      "name": "ICEBERG 12 CT ORG",
      "category": "Produce/Other",
      "brand": "Baldor",
      "supplier_id": "BALD001",
      "supplier_name": "Baldor Specialty Foods",
      "unit_size": "12 CT CTN",
      "unit_type": "case",
      "wholesale_price": 31.5,
      "retail_price": 31.5,
      "retail_unit_type": "each",
      "retail_unit_size": "1",
      "retail_pack_size": "1",
      "retail_price_per_unit": 2.62,
      "retail_display": "$2.62/each",
      "is_organic": true,
      "is_gluten_free": true,
      "is_vegan": true,
      "is_kosher": false,
      "is_non_gmo": false,
      "is_local": false,
      "is_imported": false,
      "search_terms": [
        "produce",
        "org",
        "other",
        "iceberg"
      ],
      "upc": null,
      "processed_at": "2025-06-25T12:36:12.973506"
    },
    {
      "sku": "BALDOR_ZAP33",
      "supplier_sku": "ZAP33",
      "name": "APPLE PINK LADY 80-88 CT ORG",
      "category": "Produce/Fruit/Apples",
      "brand": "Baldor",
      "supplier_id": "BALD001",
      "supplier_name": "Baldor Specialty Foods",
      "unit_size": "80-88 CT CTN",
      "unit_type": "case",
      "wholesale_price": 65.75,
      "retail_price": 65.75,
      "retail_unit_type": "each",
      "retail_unit_size": "1",
      "retail_pack_size": "1",
      "retail_price_per_unit": 0.75,
      "retail_display": "$0.75/each",
      "is_organic": true,
      "is_gluten_free": true,
      "is_vegan": true,
      "is_kosher": false,
      "is_non_gmo": false,
      "is_local": false,
      "is_imported": false,
      "search_terms": [
        "apple",
        "fruit",
        "pink",
        "lady",
        "apples",
        "produce",
        "org"
      ],
      "upc": null,
      "processed_at": "2025-06-25T12:36:12.973515"
    },
    {
      "sku": "BALDOR_ZLET",
      "supplier_sku": "ZLET",
      "name": "LETTUCE RED LEAF 24 CT ORG",
      "category": "Produce/Vegetables/Lettuce",
      "brand": "Baldor",
      "supplier_id": "BALD001",
      "supplier_name": "Baldor Specialty Foods",
      "unit_size": "24 CT CTN",
      "unit_type": "case",
      "wholesale_price": 48.0,
      "retail_price": 48.0,
      "retail_unit_type": "each",
      "retail_unit_size": "1",
      "retail_pack_size": "1",
      "retail_price_per_unit": 2.0,
      "retail_display": "$2.00/each",
      "is_organic": true,
      "is_gluten_free": true,
      "is_vegan": true,
      "is_kosher": false,
      "is_non_gmo": false,
      "is_local": false,
      "is_imported": false,
      "search_terms": [
        "leaf",
        "vegetables",
        "lettuce",
        "red",
        "produce",
        "org"
      ],
      "upc": null,
      "processed_at": "2025-06-25T12:36:12.973523"
    },
    {
      "sku": "BALDOR_ZLET1",
      "supplier_sku": "ZLET1",
      "name": "LETTUCE GREEN LEAF 24 CT ORG",
      "category": "Produce/Vegetables/Lettuce",
      "brand": "Baldor",
      "supplier_id": "BALD001",
      "supplier_name": "Baldor Specialty Foods",
      "unit_size": "24 CT CTN",
      "unit_type": "case",
      "wholesale_price": 48.0,
      "retail_price": 48.0,
      "retail_unit_type": "each",
      "retail_unit_size": "1",
      "retail_pack_size": "1",
      "retail_price_per_unit": 2.0,
      "retail_display": "$2.00/each",
      "is_organic": true,
      "is_gluten_free": true,
      "is_vegan": true,
      "is_kosher": false,
      "is_non_gmo": false,
      "is_local": false,
      "is_imported": false,
      "search_terms": [
        "leaf",
        "vegetables",
        "lettuce",
        "produce",
        "green",
        "org"
      ],
      "upc": null,
      "processed_at": "2025-06-25T12:36:12.973531"
    },
    {
      "sku": "BALDOR_ZAP34A",
      "supplier_sku": "ZAP34A",
      "name": "APPLE HONEYCRISP 80-88 CT ORG",
      "category": "Produce/Fruit/Apples",
      "brand": "Baldor",
      "supplier_id": "BALD001",
      "supplier_name": "Baldor Specialty Foods",
      "unit_size": "80-88 CT CTN",
      "unit_type": "case",
      "wholesale_price": 85.5,
      "retail_price": 85.5,
      "retail_unit_type": "each",
      "retail_unit_size": "1",
      "retail_pack_size": "1",
      "retail_price_per_unit": 0.97,
      "retail_display": "$0.97/each",
      "is_organic": true,
      "is_gluten_free": true,
      "is_vegan": true,
      "is_kosher": false,
      "is_non_gmo": false,
      "is_local": false,
      "is_imported": false,
      "search_terms": [
        "apple",
        "honeycrisp",
        "fruit",
        "apples",
        "produce",
        "org"
      ],
      "upc": null,
      "processed_at": "2025-06-25T12:36:12.973540"
    },
    {
      "sku": "BALDOR_ZMES",
      "supplier_sku": "ZMES",
      "name": "SALAD MIX MESCLUN/ SPRING 3 LB ORG",
      "category": "Produce/Other",
      "brand": "Baldor",
      "supplier_id": "BALD001",
      "supplier_name": "Baldor Specialty Foods",
      "unit_size": "3 LB CTN",
      "unit_type": "case",
      "wholesale_price": 12.5,
      "retail_price": 12.5,
      "retail_unit_type": "lb",
      "retail_unit_size": "1",
      "retail_pack_size": "1",
      "retail_price_per_unit": 4.17,
      "retail_display": "$4.17/lb",
      "is_organic": true,
      "is_gluten_free": true,
      "is_vegan": true,
      "is_kosher": false,
      "is_non_gmo": false,
      "is_local": false,
      "is_imported": false,
      "search_terms": [
        "salad",
        "mesclun",
        "other",
        "produce",
        "spring",
        "org",
        "mix"
      ],
      "upc": null,
      "processed_at": "2025-06-25T12:36:12.973549"
    },
    {
      "sku": "BALDOR_ZAP34B",
      "supplier_sku": "ZAP34B",
      "name": "APPLE HONEYCRISP 12X2 LB ORG",
      "category": "Produce/Fruit/Apples",
      "brand": "Baldor",
      "supplier_id": "BALD001",
      "supplier_name": "Baldor Specialty Foods",
      "unit_size": "2 LB CTN",
      "unit_type": "case",
      "wholesale_price": 53.75,
      "retail_price": 53.75,
      "retail_unit_type": "lb",
      "retail_unit_size": "1",
      "retail_pack_size": "1",
      "retail_price_per_unit": 26.88,
      "retail_display": "$26.88/lb",
      "is_organic": true,
      "is_gluten_free": true,
      "is_vegan": true,
      "is_kosher": false,
      "is_non_gmo": false,
      "is_local": false,
      "is_imported": false,
      "search_terms": [
        "apple",
        "honeycrisp",
        "12x2",
        "fruit",
        "apples",
        "produce",
        "org"
      ],
      "upc": null,
      "processed_at": "2025-06-25T12:36:12.973556"
    },
    {
      "sku": "BALDOR_ZMES13",
      "supplier_sku": "ZMES13",
      "name": "SALAD MIX ARCADIAN HARVEST 4X3 LB ORG",
      "category": "Produce/Other",
      "brand": "Baldor",
      "supplier_id": "BALD001",
      "supplier_name": "Baldor Specialty Foods",
      "unit_size": "3 LB CTN",
      "unit_type": "case",
      "wholesale_price": 48.25,
      "retail_price": 48.25,
      "retail_unit_type": "lb",
      "retail_unit_size": "1",
      "retail_pack_size": "1",
      "retail_price_per_unit": 16.08,
      "retail_display": "$16.08/lb",
      "is_organic": true,
      "is_gluten_free": true,
      "is_vegan": true,
      "is_kosher": false,
      "is_non_gmo": false,
      "is_local": false,
      "is_imported": false,
      "search_terms": [
        "salad",
        "4x3",
        "other",
        "produce",
        "org",
        "arcadian",
        "harvest",
        "mix"
      ],
      "upc": null,
      "processed_at": "2025-06-25T12:36:12.973565"
    },
    {
      "sku": "BALDOR_ZAP50",
      "supplier_sku": "ZAP50",
      "name": "APPLE FUJI 80-88 CT ORG",
      "category": "Produce/Fruit/Apples",
      "brand": "Baldor",
      "supplier_id": "BALD001",
      "supplier_name": "Baldor Specialty Foods",
      "unit_size": "80-88 CT CTN",
      "unit_type": "case",
      "wholesale_price": 67.75,
      "retail_price": 67.75,
      "retail_unit_type": "each",
      "retail_unit_size": "1",
      "retail_pack_size": "1",
      "retail_price_per_unit": 0.77,
      "retail_display": "$0.77/each",
      "is_organic": true,
      "is_gluten_free": true,
      "is_vegan": true,
      "is_kosher": false,
      "is_non_gmo": false,
      "is_local": false,
      "is_imported": false,
      "search_terms": [
        "apple",
        "fruit",
        "apples",
        "fuji",
        "produce",
        "org"
      ],
      "upc": null,
      "processed_at": "2025-06-25T12:36:12.973573"
    },
    {
      "sku": "BALDOR_ZOG",
      "supplier_sku": "ZOG",
      "name": "SPINACH BABY 6X5 OZ ORG GIRL ORG",
      "category": "Produce/Vegetables/Leafy Greens",
      "brand": "Baldor",
      "supplier_id": "BALD001",
      "supplier_name": "Baldor Specialty Foods",
      "unit_size": "5 OZ CTN",
      "unit_type": "case",
      "wholesale_price": 18.25,
      "retail_price": 18.25,
      "retail_unit_type": "oz",
      "retail_unit_size": "1",
      "retail_pack_size": "1",
      "retail_price_per_unit": 3.65,
      "retail_display": "$3.65/oz",
      "is_organic": true,
      "is_gluten_free": true,
      "is_vegan": true,
      "is_kosher": false,
      "is_non_gmo": false,
      "is_local": false,
      "is_imported": false,
      "search_terms": [
        "baby",
        "spinach",
        "vegetables",
        "girl",
        "6x5",
        "produce",
        "org",
        "leafy greens"
      ],
      "upc": null,
      "processed_at": "2025-06-25T12:36:12.973581"
    },
    {
      "sku": "BALDOR_ZAP51",
      "supplier_sku": "ZAP51",
      "name": "APPLE FUJI 100 CT ORG",
      "category": "Produce/Fruit/Apples",
      "brand": "Baldor",
      "supplier_id": "BALD001",
      "supplier_name": "Baldor Specialty Foods",
      "unit_size": "100 CT CTN",
      "unit_type": "case",
      "wholesale_price": 58.25,
      "retail_price": 58.25,
      "retail_unit_type": "each",
      "retail_unit_size": "1",
      "retail_pack_size": "1",
      "retail_price_per_unit": 0.58,
      "retail_display": "$0.58/each",
      "is_organic": true,
      "is_gluten_free": true,
      "is_vegan": true,
      "is_kosher": false,
      "is_non_gmo": false,
      "is_local": false,
      "is_imported": false,
      "search_terms": [
        "apple",
        "fruit",
        "apples",
        "fuji",
        "produce",
        "org",
        "100"
      ],
      "upc": null,
      "processed_at": "2025-06-25T12:36:12.973589"
    },
    {
      "sku": "BALDOR_ZOG1",
      "supplier_sku": "ZOG1",
      "name": "SALAD MIX BABY SPRING 6X5 OZ ORG GIRL ORG",
      "category": "Produce/Other",
      "brand": "Baldor",
      "supplier_id": "BALD001",
      "supplier_name": "Baldor Specialty Foods",
      "unit_size": "5 OZ CTN",
      "unit_type": "case",
      "wholesale_price": 19.5,
      "retail_price": 19.5,
      "retail_unit_type": "oz",
      "retail_unit_size": "1",
      "retail_pack_size": "1",
      "retail_price_per_unit": 3.9,
      "retail_display": "$3.90/oz",
      "is_organic": true,
      "is_gluten_free": true,
      "is_vegan": true,
      "is_kosher": false,
      "is_non_gmo": false,
      "is_local": false,
      "is_imported": false,
      "search_terms": [
        "baby",
        "salad",
        "other",
        "girl",
        "6x5",
        "spring",
        "produce",
        "org",
        "mix"
      ],
      "upc": null,
      "processed_at": "2025-06-25T12:36:12.973598"
    },
    {
      "sku": "BALDOR_ZAP6",
      "supplier_sku": "ZAP6",
      "name": "APPLE GALA 80 CT ORG",
      "category": "Produce/Fruit/Apples",
      "brand": "Baldor",
      "supplier_id": "BALD001",
      "supplier_name": "Baldor Specialty Foods",
      "unit_size": "80 CT CTN",
      "unit_type": "case",
      "wholesale_price": 75.75,
      "retail_price": 75.75,
      "retail_unit_type": "each",
      "retail_unit_size": "1",
      "retail_pack_size": "1",
      "retail_price_per_unit": 0.95,
      "retail_display": "$0.95/each",
      "is_organic": true,
      "is_gluten_free": true,
      "is_vegan": true,
      "is_kosher": false,
      "is_non_gmo": false,
      "is_local": false,
      "is_imported": false,
      "search_terms": [
        "apple",
        "fruit",
        "apples",
        "gala",
        "produce",
        "org"
      ],
      "upc": null,
      "processed_at": "2025-06-25T12:36:12.973610"
    },
    {
      "sku": "BALDOR_ZOG10",
      "supplier_sku": "ZOG10",
      "name": "SPINACH BABY 6X10 OZ ORG GIRL ORG",
      "category": "Produce/Vegetables/Leafy Greens",
      "brand": "Baldor",
      "supplier_id": "BALD001",
      "supplier_name": "Baldor Specialty Foods",
      "unit_size": "10 OZ CTN",
      "unit_type": "case",
      "wholesale_price": 27.0,
      "retail_price": 27.0,
      "retail_unit_type": "oz",
      "retail_unit_size": "1",
      "retail_pack_size": "1",
      "retail_price_per_unit": 2.7,
      "retail_display": "$2.70/oz",
      "is_organic": true,
      "is_gluten_free": true,
      "is_vegan": true,
      "is_kosher": false,
      "is_non_gmo": false,
      "is_local": false,
      "is_imported": false,
      "search_terms": [
        "6x10",
        "baby",
        "vegetables",
        "spinach",
        "girl",
        "produce",
        "org",
        "leafy greens"
      ],
      "upc": null,
      "processed_at": "2025-06-25T12:36:12.973618"
    },
    {
      "sku": "BALDOR_ZAP61",
      "supplier_sku": "ZAP61",
      "name": "APPLE GALA 100 CT ORG",
      "category": "Produce/Fruit/Apples",
      "brand": "Baldor",
      "supplier_id": "BALD001",
      "supplier_name": "Baldor Specialty Foods",
      "unit_size": "100 CT CTN",
      "unit_type": "case",
      "wholesale_price": 69.75,
      "retail_price": 69.75,
      "retail_unit_type": "each",
      "retail_unit_size": "1",
      "retail_pack_size": "1",
      "retail_price_per_unit": 0.7,
      "retail_display": "$0.70/each",
      "is_organic": true,
      "is_gluten_free": true,
      "is_vegan": true,
      "is_kosher": false,
      "is_non_gmo": false,
      "is_local": false,
      "is_imported": false,
      "search_terms": [
        "apple",
        "fruit",
        "apples",
        "gala",
        "produce",
        "org",
        "100"
      ],
      "upc": null,
      "processed_at": "2025-06-25T12:36:12.973626"
    },
    {
      "sku": "BALDOR_ZOG11",
      "supplier_sku": "ZOG11",
      "name": "SALAD MIX BABY SPRING 6X10 OZ ORG GIRL ORG",
      "category": "Produce/Other",
      "brand": "Baldor",
      "supplier_id": "BALD001",
      "supplier_name": "Baldor Specialty Foods",
      "unit_size": "10 OZ CTN",
      "unit_type": "case",
      "wholesale_price": 27.0,
      "retail_price": 27.0,
      "retail_unit_type": "oz",
      "retail_unit_size": "1",
      "retail_pack_size": "1",
      "retail_price_per_unit": 2.7,
      "retail_display": "$2.70/oz",
      "is_organic": true,
      "is_gluten_free": true,
      "is_vegan": true,
      "is_kosher": false,
      "is_non_gmo": false,
      "is_local": false,
      "is_imported": false,
      "search_terms": [
        "6x10",
        "baby",
        "salad",
        "other",
        "girl",
        "produce",
        "spring",
        "org",
        "mix"
      ],
      "upc": null,
      "processed_at": "2025-06-25T12:36:12.973635"
    },
    {
      "sku": "BALDOR_ZOG13",
      "supplier_sku": "ZOG13",
      "name": "ROMAINE HEARTS 3 PACK 14X12 OZ ORG GIRL ORG",
      "category": "Produce/Other",
      "brand": "Baldor",
      "supplier_id": "BALD001",
      "supplier_name": "Baldor Specialty Foods",
      "unit_size": "12 OZ CTN",
      "unit_type": "case",
      "wholesale_price": 48.0,
      "retail_price": 48.0,
      "retail_unit_type": "oz",
      "retail_unit_size": "1",
      "retail_pack_size": "1",
      "retail_price_per_unit": 4.0,
      "retail_display": "$4.00/oz",
      "is_organic": true,
      "is_gluten_free": true,
      "is_vegan": true,
      "is_kosher": false,
      "is_non_gmo": false,
      "is_local": false,
      "is_imported": false,
      "search_terms": [
        "14x12",
        "pack",
        "romaine",
        "girl",
        "other",
        "produce",
        "hearts",
        "org"
      ],
      "upc": null,
      "processed_at": "2025-06-25T12:36:12.973645"
    },
    {
      "sku": "BALDOR_ZOG2",
      "supplier_sku": "ZOG2",
      "name": "SALAD MIX 50/50 6X5 OZ ORG GIRL ORG",
      "category": "Produce/Other",
      "brand": "Baldor",
      "supplier_id": "BALD001",
      "supplier_name": "Baldor Specialty Foods",
      "unit_size": "5 OZ CTN",
      "unit_type": "case",
      "wholesale_price": 18.25,
      "retail_price": 18.25,
      "retail_unit_type": "oz",
      "retail_unit_size": "1",
      "retail_pack_size": "1",
      "retail_price_per_unit": 3.65,
      "retail_display": "$3.65/oz",
      "is_organic": true,
      "is_gluten_free": true,
      "is_vegan": true,
      "is_kosher": false,
      "is_non_gmo": false,
      "is_local": false,
      "is_imported": false,
      "search_terms": [
        "salad",
        "other",
        "girl",
        "6x5",
        "produce",
        "org",
        "mix"
      ],
      "upc": null,
      "processed_at": "2025-06-25T12:36:12.973653"
    },
    {
      "sku": "BALDOR_ZART1",
      "supplier_sku": "ZART1",
      "name": "ARTICHOKES 24 CT ORG",
      "category": "Produce/Other",
      "brand": "Baldor",
      "supplier_id": "BALD001",
      "supplier_name": "Baldor Specialty Foods",
      "unit_size": "24 CT CTN",
      "unit_type": "case",
      "wholesale_price": 61.5,
      "retail_price": 61.5,
      "retail_unit_type": "each",
      "retail_unit_size": "1",
      "retail_pack_size": "1",
      "retail_price_per_unit": 2.56,
      "retail_display": "$2.56/each",
      "is_organic": true,
      "is_gluten_free": true,
      "is_vegan": true,
      "is_kosher": false,
      "is_non_gmo": false,
      "is_local": false,
      "is_imported": false,
      "search_terms": [
        "produce",
        "org",
        "other",
        "artichokes"
      ],
      "upc": null,
      "processed_at": "2025-06-25T12:36:12.973661"
    },
    {
      "sku": "BALDOR_ZOG2RT",
      "supplier_sku": "ZOG2RT",
      "name": "SALAD MIX 50/50 6X10 OZ ORGGIRL ORG",
      "category": "Produce/Other",
      "brand": "Baldor",
      "supplier_id": "BALD001",
      "supplier_name": "Baldor Specialty Foods",
      "unit_size": "10 OZ CTN",
      "unit_type": "case",
      "wholesale_price": 28.0,
      "retail_price": 28.0,
      "retail_unit_type": "oz",
      "retail_unit_size": "1",
      "retail_pack_size": "1",
      "retail_price_per_unit": 2.8,
      "retail_display": "$2.80/oz",
      "is_organic": true,
      "is_gluten_free": true,
      "is_vegan": true,
      "is_kosher": false,
      "is_non_gmo": false,
      "is_local": false,
      "is_imported": false,
      "search_terms": [
        "6x10",
        "salad",
        "other",
        "produce",
        "orggirl",
        "org",
        "mix"
      ],
      "upc": null,
      "processed_at": "2025-06-25T12:36:12.973670"
    },
    {
      "sku": "BALDOR_ZOG3",
      "supplier_sku": "ZOG3",
      "name": "LETTUCE SUPERGREENS 6X5 OZ ORG GIRL ORG",
      "category": "Produce/Vegetables/Lettuce",
      "brand": "Baldor",
      "supplier_id": "BALD001",
      "supplier_name": "Baldor Specialty Foods",
      "unit_size": "5 OZ CTN",
      "unit_type": "case",
      "wholesale_price": 18.25,
      "retail_price": 18.25,
      "retail_unit_type": "oz",
      "retail_unit_size": "1",
      "retail_pack_size": "1",
      "retail_price_per_unit": 3.65,
      "retail_display": "$3.65/oz",
      "is_organic": true,
      "is_gluten_free": true,
      "is_vegan": true,
      "is_kosher": false,
      "is_non_gmo": false,
      "is_local": false,
      "is_imported": false,
      "search_terms": [
        "supergreens",
        "vegetables",
        "lettuce",
        "girl",
        "6x5",
        "produce",
        "org"
      ],
      "upc": null,
      "processed_at": "2025-06-25T12:36:12.973678"
    },
    {
      "sku": "BALDOR_ZAS",
      "supplier_sku": "ZAS",
      "name": "ASPARAGUS STANDARD 11 LB ORG",
      "category": "Produce/Vegetables/Asparagus",
      "brand": "Baldor",
      "supplier_id": "BALD001",
      "supplier_name": "Baldor Specialty Foods",
      "unit_size": "11 LB CTN",
      "unit_type": "case",
      "wholesale_price": 39.0,
      "retail_price": 39.0,
      "retail_unit_type": "lb",
      "retail_unit_size": "1",
      "retail_pack_size": "1",
      "retail_price_per_unit": 3.55,
      "retail_display": "$3.55/lb",
      "is_organic": true,
      "is_gluten_free": true,
      "is_vegan": true,
      "is_kosher": false,
      "is_non_gmo": false,
      "is_local": false,
      "is_imported": false,
      "search_terms": [
        "asparagus",
        "standard",
        "vegetables",
        "produce",
        "org"
      ],
      "upc": null,
      "processed_at": "2025-06-25T12:36:12.973684"
    },
    {
      "sku": "BALDOR_ZOG31",
      "supplier_sku": "ZOG31",
      "name": "LETTUCE LITTLE GEMS 6X5 OZ ORGGIRL ORG",
      "category": "Produce/Vegetables/Lettuce",
      "brand": "Baldor",
      "supplier_id": "BALD001",
      "supplier_name": "Baldor Specialty Foods",
      "unit_size": "5 OZ CTN",
      "unit_type": "case",
      "wholesale_price": 23.0,
      "retail_price": 23.0,
      "retail_unit_type": "oz",
      "retail_unit_size": "1",
      "retail_pack_size": "1",
      "retail_price_per_unit": 4.6,
      "retail_display": "$4.60/oz",
      "is_organic": true,
      "is_gluten_free": true,
      "is_vegan": true,
      "is_kosher": false,
      "is_non_gmo": false,
      "is_local": false,
      "is_imported": false,
      "search_terms": [
        "vegetables",
        "little",
        "lettuce",
        "6x5",
        "produce",
        "orggirl",
        "org",
        "gems"
      ],
      "upc": null,
      "processed_at": "2025-06-25T12:36:12.973697"
    },
    {
      "sku": "BALDOR_ZOG41",
      "supplier_sku": "ZOG41",
      "name": "SPRING MIX KALE BABY BLEND 6X5 OZ ORG GIRL ORG",
      "category": "Produce/Vegetables/Leafy Greens",
      "brand": "Baldor",
      "supplier_id": "BALD001",
      "supplier_name": "Baldor Specialty Foods",
      "unit_size": "5 OZ CTN",
      "unit_type": "case",
      "wholesale_price": 18.25,
      "retail_price": 18.25,
      "retail_unit_type": "oz",
      "retail_unit_size": "1",
      "retail_pack_size": "1",
      "retail_price_per_unit": 3.65,
      "retail_display": "$3.65/oz",
      "is_organic": true,
      "is_gluten_free": true,
      "is_vegan": true,
      "is_kosher": false,
      "is_non_gmo": false,
      "is_local": false,
      "is_imported": false,
      "search_terms": [
        "blend",
        "baby",
        "kale",
        "vegetables",
        "girl",
        "6x5",
        "spring",
        "produce",
        "org",
        "leafy greens",
        "mix"
      ],
      "upc": null,
      "processed_at": "2025-06-25T12:36:12.973706"
    },
    {
      "sku": "BALDOR_ZAV1",
      "supplier_sku": "ZAV1",
      "name": "AVOCADO 48 CT ORG",
      "category": "Produce/Other",
      "brand": "Baldor",
      "supplier_id": "BALD001",
      "supplier_name": "Baldor Specialty Foods",
      "unit_size": "48 CT CTN",
      "unit_type": "case",
      "wholesale_price": 118.0,
      "retail_price": 118.0,
      "retail_unit_type": "each",
      "retail_unit_size": "1",
      "retail_pack_size": "1",
      "retail_price_per_unit": 2.46,
      "retail_display": "$2.46/each",
      "is_organic": true,
      "is_gluten_free": true,
      "is_vegan": true,
      "is_kosher": false,
      "is_non_gmo": false,
      "is_local": false,
      "is_imported": false,
      "search_terms": [
        "avocado",
        "produce",
        "org",
        "other"
      ],
      "upc": null,
      "processed_at": "2025-06-25T12:36:12.973758"
    },
    {
      "sku": "BALDOR_ZOG5",
      "supplier_sku": "ZOG5",
      "name": "SPINACH SUPER 6X5 OZ ORG GIRL ORG",
      "category": "Produce/Vegetables/Leafy Greens",
      "brand": "Baldor",
      "supplier_id": "BALD001",
      "supplier_name": "Baldor Specialty Foods",
      "unit_size": "5 OZ CTN",
      "unit_type": "case",
      "wholesale_price": 18.25,
      "retail_price": 18.25,
      "retail_unit_type": "oz",
      "retail_unit_size": "1",
      "retail_pack_size": "1",
      "retail_price_per_unit": 3.65,
      "retail_display": "$3.65/oz",
      "is_organic": true,
      "is_gluten_free": true,
      "is_vegan": true,
      "is_kosher": false,
      "is_non_gmo": false,
      "is_local": false,
      "is_imported": false,
      "search_terms": [
        "spinach",
        "vegetables",
        "super",
        "girl",
        "6x5",
        "produce",
        "org",
        "leafy greens"
      ],
      "upc": null,
      "processed_at": "2025-06-25T12:36:12.973766"
    },
    {
      "sku": "BALDOR_ZAV3",
      "supplier_sku": "ZAV3",
      "name": "AVOCADO 32-36 CT ORG",
      "category": "Produce/Other",
      "brand": "Baldor",
      "supplier_id": "BALD001",
      "supplier_name": "Baldor Specialty Foods",
      "unit_size": "32-36 CT CTN",
      "unit_type": "case",
      "wholesale_price": 126.5,
      "retail_price": 126.5,
      "retail_unit_type": "each",
      "retail_unit_size": "1",
      "retail_pack_size": "1",
      "retail_price_per_unit": 3.51,
      "retail_display": "$3.51/each",
      "is_organic": true,
      "is_gluten_free": true,
      "is_vegan": true,
      "is_kosher": false,
      "is_non_gmo": false,
      "is_local": false,
      "is_imported": false,
      "search_terms": [
        "avocado",
        "produce",
        "org",
        "other"
      ],
      "upc": null,
      "processed_at": "2025-06-25T12:36:12.973775"
    },
    {
      "sku": "BALDOR_ZOG6",
      "supplier_sku": "ZOG6",
      "name": "ARUGULA BABY 6X5 OZ ORGGIRL ORG",
      "category": "Produce/Other",
      "brand": "Baldor",
      "supplier_id": "BALD001",
      "supplier_name": "Baldor Specialty Foods",
      "unit_size": "5 OZ CTN",
      "unit_type": "case",
      "wholesale_price": 18.25,
      "retail_price": 18.25,
      "retail_unit_type": "oz",
      "retail_unit_size": "1",
      "retail_pack_size": "1",
      "retail_price_per_unit": 3.65,
      "retail_display": "$3.65/oz",
      "is_organic": true,
      "is_gluten_free": true,
      "is_vegan": true,
      "is_kosher": false,
      "is_non_gmo": false,
      "is_local": false,
      "is_imported": false,
      "search_terms": [
        "baby",
        "arugula",
        "other",
        "6x5",
        "produce",
        "orggirl",
        "org"
      ],
      "upc": null,
      "processed_at": "2025-06-25T12:36:12.973784"
    },
    {
      "sku": "BALDOR_ZAV4",
      "supplier_sku": "ZAV4",
      "name": "AVOCADO 60 CT ORG",
      "category": "Produce/Other",
      "brand": "Baldor",
      "supplier_id": "BALD001",
      "supplier_name": "Baldor Specialty Foods",
      "unit_size": "60 CT EACH",
      "unit_type": "case",
      "wholesale_price": 99.5,
      "retail_price": 99.5,
      "retail_unit_type": "each",
      "retail_unit_size": "1",
      "retail_pack_size": "1",
      "retail_price_per_unit": 1.66,
      "retail_display": "$1.66/each",
      "is_organic": true,
      "is_gluten_free": true,
      "is_vegan": true,
      "is_kosher": false,
      "is_non_gmo": false,
      "is_local": false,
      "is_imported": false,
      "search_terms": [
        "avocado",
        "produce",
        "org",
        "other"
      ],
      "upc": null,
      "processed_at": "2025-06-25T12:36:12.973792"
    },
    {
      "sku": "BALDOR_ZOG8",
      "supplier_sku": "ZOG8",
      "name": "LETTUCE BUTTER PLUS 6X4 OZ ORG GIRL ORG",
      "category": "Produce/Vegetables/Lettuce",
      "brand": "Baldor",
      "supplier_id": "BALD001",
      "supplier_name": "Baldor Specialty Foods",
      "unit_size": "4 OZ CTN",
      "unit_type": "case",
      "wholesale_price": 22.25,
      "retail_price": 22.25,
      "retail_unit_type": "oz",
      "retail_unit_size": "1",
      "retail_pack_size": "1",
      "retail_price_per_unit": 5.56,
      "retail_display": "$5.56/oz",
      "is_organic": true,
      "is_gluten_free": true,
      "is_vegan": true,
      "is_kosher": false,
      "is_non_gmo": false,
      "is_local": false,
      "is_imported": false,
      "search_terms": [
        "plus",
        "vegetables",
        "lettuce",
        "girl",
        "produce",
        "org",
        "6x4",
        "butter"
      ],
      "upc": null,
      "processed_at": "2025-06-25T12:36:12.973800"
    },
    {
      "sku": "BALDOR_ZAV4C",
      "supplier_sku": "ZAV4C",
      "name": "AVOCADO HASS 12X4 CT BAG ORG",
      "category": "Produce/Other",
      "brand": "Baldor",
      "supplier_id": "BALD001",
      "supplier_name": "Baldor Specialty Foods",
      "unit_size": "4 CT CTN",
      "unit_type": "case",
      "wholesale_price": 113.5,
      "retail_price": 113.5,
      "retail_unit_type": "each",
      "retail_unit_size": "1",
      "retail_pack_size": "1",
      "retail_price_per_unit": 28.38,
      "retail_display": "$28.38/each",
      "is_organic": true,
      "is_gluten_free": true,
      "is_vegan": true,
      "is_kosher": false,
      "is_non_gmo": false,
      "is_local": false,
      "is_imported": false,
      "search_terms": [
        "hass",
        "avocado",
        "other",
        "bag",
        "produce",
        "org",
        "12x4"
      ],
      "upc": null,
      "processed_at": "2025-06-25T12:36:12.973809"
    },
    {
      "sku": "BALDOR_ZOG9",
      "supplier_sku": "ZOG9",
      "name": "ROMAINE HEARTS TRUE 6X7 OZ ORG GIRL ORG",
      "category": "Produce/Other",
      "brand": "Baldor",
      "supplier_id": "BALD001",
      "supplier_name": "Baldor Specialty Foods",
      "unit_size": "7 OZ CTN",
      "unit_type": "case",
      "wholesale_price": 22.25,
      "retail_price": 22.25,
      "retail_unit_type": "oz",
      "retail_unit_size": "1",
      "retail_pack_size": "1",
      "retail_price_per_unit": 3.18,
      "retail_display": "$3.18/oz",
      "is_organic": true,
      "is_gluten_free": true,
      "is_vegan": true,
      "is_kosher": false,
      "is_non_gmo": false,
      "is_local": false,
      "is_imported": false,
      "search_terms": [
        "true",
        "other",
        "romaine",
        "girl",
        "produce",
        "hearts",
        "org",
        "6x7"
      ],
      "upc": null,
      "processed_at": "2025-06-25T12:36:12.973818"
    },
    {
      "sku": "BALDOR_ZOGRT",
      "supplier_sku": "ZOGRT",
      "name": "SPINACH ARUGULA BABY 6X5 OZ ORGGIRL ORG",
      "category": "Produce/Vegetables/Leafy Greens",
      "brand": "Baldor",
      "supplier_id": "BALD001",
      "supplier_name": "Baldor Specialty Foods",
      "unit_size": "5 OZ CTN",
      "unit_type": "case",
      "wholesale_price": 18.25,
      "retail_price": 18.25,
      "retail_unit_type": "oz",
      "retail_unit_size": "1",
      "retail_pack_size": "1",
      "retail_price_per_unit": 3.65,
      "retail_display": "$3.65/oz",
      "is_organic": true,
      "is_gluten_free": true,
      "is_vegan": true,
      "is_kosher": false,
      "is_non_gmo": false,
      "is_local": false,
      "is_imported": false,
      "search_terms": [
        "baby",
        "spinach",
        "vegetables",
        "arugula",
        "6x5",
        "produce",
        "orggirl",
        "org",
        "leafy greens"
      ],
      "upc": null,
      "processed_at": "2025-06-25T12:36:12.973826"
    },
    {
      "sku": "BALDOR_ZBA2",
      "supplier_sku": "ZBA2",
      "name": "BANANA TWO DAYS AWAY NO 4 40LB ORG",
      "category": "Produce/Fruit/Tropical",
      "brand": "Baldor",
      "supplier_id": "BALD001",
      "supplier_name": "Baldor Specialty Foods",
      "unit_size": "40 LB CTN",
      "unit_type": "case",
      "wholesale_price": 32.0,
      "retail_price": 32.0,
      "retail_unit_type": "lb",
      "retail_unit_size": "1",
      "retail_pack_size": "1",
      "retail_price_per_unit": 0.8,
      "retail_display": "$0.80/lb",
      "is_organic": true,
      "is_gluten_free": true,
      "is_vegan": true,
      "is_kosher": false,
      "is_non_gmo": false,
      "is_local": false,
      "is_imported": false,
      "search_terms": [
        "two",
        "banana",
        "away",
        "fruit",
        "40lb",
        "days",
        "produce",
        "org",
        "tropical"
      ],
      "upc": null,
      "processed_at": "2025-06-25T12:36:12.973833"
    },
    {
      "sku": "BALDOR_ZROM",
      "supplier_sku": "ZROM",
      "name": "ROMAINE 24 CT ORG",
      "category": "Produce/Other",
      "brand": "Baldor",
      "supplier_id": "BALD001",
      "supplier_name": "Baldor Specialty Foods",
      "unit_size": "24 CT CTN",
      "unit_type": "case",
      "wholesale_price": 49.5,
      "retail_price": 49.5,
      "retail_unit_type": "each",
      "retail_unit_size": "1",
      "retail_pack_size": "1",
      "retail_price_per_unit": 2.06,
      "retail_display": "$2.06/each",
      "is_organic": true,
      "is_gluten_free": true,
      "is_vegan": true,
      "is_kosher": false,
      "is_non_gmo": false,
      "is_local": false,
      "is_imported": false,
      "search_terms": [
        "org",
        "other",
        "produce",
        "romaine"
      ],
      "upc": null,
      "processed_at": "2025-06-25T12:36:12.973841"
    },
    {
      "sku": "BALDOR_ZROM2",
      "supplier_sku": "ZROM2",
      "name": "ROMAINE HEARTS 12X3 CT ORG",
      "category": "Produce/Other",
      "brand": "Baldor",
      "supplier_id": "BALD001",
      "supplier_name": "Baldor Specialty Foods",
      "unit_size": "3 CT CTN",
      "unit_type": "case",
      "wholesale_price": 35.75,
      "retail_price": 35.75,
      "retail_unit_type": "each",
      "retail_unit_size": "1",
      "retail_pack_size": "1",
      "retail_price_per_unit": 11.92,
      "retail_display": "$11.92/each",
      "is_organic": true,
      "is_gluten_free": true,
      "is_vegan": true,
      "is_kosher": false,
      "is_non_gmo": false,
      "is_local": false,
      "is_imported": false,
      "search_terms": [
        "other",
        "romaine",
        "produce",
        "org",
        "hearts",
        "12x3"
      ],
      "upc": null,
      "processed_at": "2025-06-25T12:36:12.973850"
    },
    {
      "sku": "BALDOR_ZBEA12B",
      "supplier_sku": "ZBEA12B",
      "name": "BEAN GREEN 12X12 OZ ORG",
      "category": "Produce/Other",
      "brand": "Baldor",
      "supplier_id": "BALD001",
      "supplier_name": "Baldor Specialty Foods",
      "unit_size": "12 OZ CTN",
      "unit_type": "case",
      "wholesale_price": 31.5,
      "retail_price": 31.5,
      "retail_unit_type": "oz",
      "retail_unit_size": "1",
      "retail_pack_size": "1",
      "retail_price_per_unit": 2.62,
      "retail_display": "$2.62/oz",
      "is_organic": true,
      "is_gluten_free": true,
      "is_vegan": true,
      "is_kosher": false,
      "is_non_gmo": false,
      "is_local": false,
      "is_imported": false,
      "search_terms": [
        "other",
        "produce",
        "green",
        "org",
        "bean",
        "12x12"
      ],
      "upc": null,
      "processed_at": "2025-06-25T12:36:12.973858"
    },
    {
      "sku": "BALDOR_ZRROMAB",
      "supplier_sku": "ZRROMAB",
      "name": "ROMAINE HEART 12X3 CT ANDY BOY ORG",
      "category": "Produce/Other",
      "brand": "Baldor",
      "supplier_id": "BALD001",
      "supplier_name": "Baldor Specialty Foods",
      "unit_size": "3 CT CTN",
      "unit_type": "case",
      "wholesale_price": 35.75,
      "retail_price": 35.75,
      "retail_unit_type": "each",
      "retail_unit_size": "1",
      "retail_pack_size": "1",
      "retail_price_per_unit": 11.92,
      "retail_display": "$11.92/each",
      "is_organic": true,
      "is_gluten_free": true,
      "is_vegan": true,
      "is_kosher": false,
      "is_non_gmo": false,
      "is_local": false,
      "is_imported": false,
      "search_terms": [
        "andy",
        "other",
        "romaine",
        "produce",
        "boy",
        "org",
        "heart",
        "12x3"
      ],
      "upc": null,
      "processed_at": "2025-06-25T12:36:12.973867"
    },
    {
      "sku": "BALDOR_ZBEA5",
      "supplier_sku": "ZBEA5",
      "name": "BEAN FRENCH 5 LB ORG",
      "category": "Produce/Other",
      "brand": "Baldor",
      "supplier_id": "BALD001",
      "supplier_name": "Baldor Specialty Foods",
      "unit_size": "5 LB CTN",
      "unit_type": "case",
      "wholesale_price": 18.5,
      "retail_price": 18.5,
      "retail_unit_type": "lb",
      "retail_unit_size": "1",
      "retail_pack_size": "1",
      "retail_price_per_unit": 3.7,
      "retail_display": "$3.70/lb",
      "is_organic": true,
      "is_gluten_free": true,
      "is_vegan": true,
      "is_kosher": false,
      "is_non_gmo": false,
      "is_local": false,
      "is_imported": false,
      "search_terms": [
        "other",
        "produce",
        "org",
        "french",
        "bean"
      ],
      "upc": null,
      "processed_at": "2025-06-25T12:36:12.973874"
    },
    {
      "sku": "BALDOR_ZSP",
      "supplier_sku": "ZSP",
      "name": "SPINACH 24 CT ORG",
      "category": "Produce/Vegetables/Leafy Greens",
      "brand": "Baldor",
      "supplier_id": "BALD001",
      "supplier_name": "Baldor Specialty Foods",
      "unit_size": "24 CT CTN",
      "unit_type": "case",
      "wholesale_price": 53.25,
      "retail_price": 53.25,
      "retail_unit_type": "each",
      "retail_unit_size": "1",
      "retail_pack_size": "1",
      "retail_price_per_unit": 2.22,
      "retail_display": "$2.22/each",
      "is_organic": true,
      "is_gluten_free": true,
      "is_vegan": true,
      "is_kosher": false,
      "is_non_gmo": false,
      "is_local": false,
      "is_imported": false,
      "search_terms": [
        "spinach",
        "vegetables",
        "produce",
        "org",
        "leafy greens"
      ],
      "upc": null,
      "processed_at": "2025-06-25T12:36:12.973882"
    },
    {
      "sku": "BALDOR_ZPS1A",
      "supplier_sku": "ZPS1A",
      "name": "PEAS SUGAR SNAP 12X8 OZ ORG",
      "category": "Produce/Vegetables/Peas",
      "brand": "Baldor",
      "supplier_id": "BALD001",
      "supplier_name": "Baldor Specialty Foods",
      "unit_size": "8 OZ CTN",
      "unit_type": "case",
      "wholesale_price": 58.5,
      "retail_price": 58.5,
      "retail_unit_type": "oz",
      "retail_unit_size": "1",
      "retail_pack_size": "1",
      "retail_price_per_unit": 7.31,
      "retail_display": "$7.31/oz",
      "is_organic": true,
      "is_gluten_free": true,
      "is_vegan": true,
      "is_kosher": false,
      "is_non_gmo": false,
      "is_local": false,
      "is_imported": false,
      "search_terms": [
        "peas",
        "vegetables",
        "12x8",
        "produce",
        "org",
        "sugar",
        "snap"
      ],
      "upc": null,
      "processed_at": "2025-06-25T12:36:12.973890"
    },
    {
      "sku": "BALDOR_ZSP5",
      "supplier_sku": "ZSP5",
      "name": "SPINACH TRIPLE WASHED 4X2.5 LB ORG",
      "category": "Produce/Vegetables/Leafy Greens",
      "brand": "Baldor",
      "supplier_id": "BALD001",
      "supplier_name": "Baldor Specialty Foods",
      "unit_size": "2.5 LB CTN",
      "unit_type": "case",
      "wholesale_price": 39.5,
      "retail_price": 39.5,
      "retail_unit_type": "lb",
      "retail_unit_size": "1",
      "retail_pack_size": "1",
      "retail_price_per_unit": 15.8,
      "retail_display": "$15.80/lb",
      "is_organic": true,
      "is_gluten_free": true,
      "is_vegan": true,
      "is_kosher": false,
      "is_non_gmo": false,
      "is_local": false,
      "is_imported": false,
      "search_terms": [
        "spinach",
        "vegetables",
        "4x2.5",
        "triple",
        "produce",
        "org",
        "leafy greens",
        "washed"
      ],
      "upc": null,
      "processed_at": "2025-06-25T12:36:12.973897"
    },
    {
      "sku": "BALDOR_ZSP6A",
      "supplier_sku": "ZSP6A",
      "name": "SPINACH BABY 4 LB ORG",
      "category": "Produce/Vegetables/Leafy Greens",
      "brand": "Baldor",
      "supplier_id": "BALD001",
      "supplier_name": "Baldor Specialty Foods",
      "unit_size": "4 LB CTN",
      "unit_type": "case",
      "wholesale_price": 18.5,
      "retail_price": 18.5,
      "retail_unit_type": "lb",
      "retail_unit_size": "1",
      "retail_pack_size": "1",
      "retail_price_per_unit": 4.62,
      "retail_display": "$4.62/lb",
      "is_organic": true,
      "is_gluten_free": true,
      "is_vegan": true,
      "is_kosher": false,
      "is_non_gmo": false,
      "is_local": false,
      "is_imported": false,
      "search_terms": [
        "baby",
        "spinach",
        "vegetables",
        "produce",
        "org",
        "leafy greens"
      ],
      "upc": null,
      "processed_at": "2025-06-25T12:36:12.973904"
    },
    {
      "sku": "BALDOR_ZBE1D",
      "supplier_sku": "ZBE1D",
      "name": "STRAWBERRIES 8X1 LB DRISCOLL ORG",
      "category": "Produce/Other",
      "brand": "Baldor",
      "supplier_id": "BALD001",
      "supplier_name": "Baldor Specialty Foods",
      "unit_size": "1 LB CTN",
      "unit_type": "case",
      "wholesale_price": 49.0,
      "retail_price": 49.0,
      "retail_unit_type": "lb",
      "retail_unit_size": "1",
      "retail_pack_size": "1",
      "retail_price_per_unit": 49.0,
      "retail_display": "$49.00/lb",
      "is_organic": true,
      "is_gluten_free": true,
      "is_vegan": true,
      "is_kosher": false,
      "is_non_gmo": false,
      "is_local": false,
      "is_imported": false,
      "search_terms": [
        "8x1",
        "other",
        "produce",
        "org",
        "driscoll",
        "strawberries"
      ],
      "upc": null,
      "processed_at": "2025-06-25T12:36:12.973912"
    },
    {
      "sku": "BALDOR_ZME3",
      "supplier_sku": "ZME3",
      "name": "ORGANIC MINI SEEDLESS WATERMELONS",
      "category": "Produce/Fruit/Melons",
      "brand": "Baldor",
      "supplier_id": "BALD001",
      "supplier_name": "Baldor Specialty Foods",
      "unit_size": "5-6 CT CTN",
      "unit_type": "case",
      "wholesale_price": 66.25,
      "retail_price": 66.25,
      "retail_unit_type": "each",
      "retail_unit_size": "1",
      "retail_pack_size": "1",
      "retail_price_per_unit": 11.04,
      "retail_display": "$11.04/each",
      "is_organic": true,
      "is_gluten_free": true,
      "is_vegan": true,
      "is_kosher": false,
      "is_non_gmo": false,
      "is_local": false,
      "is_imported": false,
      "search_terms": [
        "watermelons",
        "melons",
        "fruit",
        "seedless",
        "produce",
        "mini",
        "organic"
      ],
      "upc": null,
      "processed_at": "2025-06-25T12:36:12.973920"
    },
    {
      "sku": "BALDOR_ZMU",
      "supplier_sku": "ZMU",
      "name": "MUSH SHIITAKE 3 LB ORG",
      "category": "Produce/Other",
      "brand": "Baldor",
      "supplier_id": "BALD001",
      "supplier_name": "Baldor Specialty Foods",
      "unit_size": "3 LB CTN",
      "unit_type": "case",
      "wholesale_price": 29.75,
      "retail_price": 29.75,
      "retail_unit_type": "lb",
      "retail_unit_size": "1",
      "retail_pack_size": "1",
      "retail_price_per_unit": 9.92,
      "retail_display": "$9.92/lb",
      "is_organic": true,
      "is_gluten_free": true,
      "is_vegan": true,
      "is_kosher": false,
      "is_non_gmo": false,
      "is_local": false,
      "is_imported": false,
      "search_terms": [
        "shiitake",
        "other",
        "produce",
        "org",
        "mush"
      ],
      "upc": null,
      "processed_at": "2025-06-25T12:36:12.973929"
    },
    {
      "sku": "BALDOR_ZMU0",
      "supplier_sku": "ZMU0",
      "name": "MUSH SHIITAKE CELLO WHOLE 6X3.5 OZ ORG",
      "category": "Produce/Other",
      "brand": "Baldor",
      "supplier_id": "BALD001",
      "supplier_name": "Baldor Specialty Foods",
      "unit_size": "3.5 OZ CTN",
      "unit_type": "case",
      "wholesale_price": 26.75,
      "retail_price": 26.75,
      "retail_unit_type": "oz",
      "retail_unit_size": "1",
      "retail_pack_size": "1",
      "retail_price_per_unit": 7.64,
      "retail_display": "$7.64/oz",
      "is_organic": true,
      "is_gluten_free": true,
      "is_vegan": true,
      "is_kosher": false,
      "is_non_gmo": false,
      "is_local": false,
      "is_imported": false,
      "search_terms": [
        "shiitake",
        "cello",
        "6x3.5",
        "other",
        "whole",
        "produce",
        "org",
        "mush"
      ],
      "upc": null,
      "processed_at": "2025-06-25T12:36:12.973938"
    },
    {
      "sku": "BALDOR_ZMU2",
      "supplier_sku": "ZMU2",
      "name": "MUSH LIONS MANE 6X3.5 OZ MOTHER EARTH ORG",
      "category": "Produce/Other",
      "brand": "Baldor",
      "supplier_id": "BALD001",
      "supplier_name": "Baldor Specialty Foods",
      "unit_size": "3.5 OZ CTN",
      "unit_type": "case",
      "wholesale_price": 36.5,
      "retail_price": 36.5,
      "retail_unit_type": "oz",
      "retail_unit_size": "1",
      "retail_pack_size": "1",
      "retail_price_per_unit": 10.43,
      "retail_display": "$10.43/oz",
      "is_organic": true,
      "is_gluten_free": true,
      "is_vegan": true,
      "is_kosher": false,
      "is_non_gmo": false,
      "is_local": false,
      "is_imported": false,
      "search_terms": [
        "mane",
        "6x3.5",
        "other",
        "produce",
        "lions",
        "org",
        "earth",
        "mush",
        "mother"
      ],
      "upc": null,
      "processed_at": "2025-06-25T12:36:12.973948"
    },
    {
      "sku": "BALDOR_ZMU2CRT1",
      "supplier_sku": "ZMU2CRT1",
      "name": "MUSH KING OYSTER SLICED 6X6 OZ RI MUSH ORG",
      "category": "Produce/Other",
      "brand": "Baldor",
      "supplier_id": "BALD001",
      "supplier_name": "Baldor Specialty Foods",
      "unit_size": "6 OZ CTN",
      "unit_type": "case",
      "wholesale_price": 38.0,
      "retail_price": 38.0,
      "retail_unit_type": "oz",
      "retail_unit_size": "1",
      "retail_pack_size": "1",
      "retail_price_per_unit": 6.33,
      "retail_display": "$6.33/oz",
      "is_organic": true,
      "is_gluten_free": true,
      "is_vegan": true,
      "is_kosher": false,
      "is_non_gmo": false,
      "is_local": false,
      "is_imported": false,
      "search_terms": [
        "6x6",
        "oyster",
        "other",
        "produce",
        "org",
        "mush",
        "king",
        "sliced"
      ],
      "upc": null,
      "processed_at": "2025-06-25T12:36:12.973961"
    },
    {
      "sku": "BALDOR_ZABBR2",
      "supplier_sku": "ZABBR2",
      "name": "BROCCOLI RABE ANDY BOY 26 CT DARRIGO ORG",
      "category": "Produce/Vegetables/Brassicas",
      "brand": "Baldor",
      "supplier_id": "BALD001",
      "supplier_name": "Baldor Specialty Foods",
      "unit_size": "26 CT CTN",
      "unit_type": "case",
      "wholesale_price": 53.25,
      "retail_price": 53.25,
      "retail_unit_type": "each",
      "retail_unit_size": "1",
      "retail_pack_size": "1",
      "retail_price_per_unit": 2.05,
      "retail_display": "$2.05/each",
      "is_organic": true,
      "is_gluten_free": true,
      "is_vegan": true,
      "is_kosher": false,
      "is_non_gmo": false,
      "is_local": false,
      "is_imported": false,
      "search_terms": [
        "broccoli",
        "andy",
        "rabe",
        "brassicas",
        "vegetables",
        "darrigo",
        "produce",
        "boy",
        "org"
      ],
      "upc": null,
      "processed_at": "2025-06-25T12:36:12.973969"
    },
    {
      "sku": "BALDOR_ZMU5",
      "supplier_sku": "ZMU5",
      "name": "MUSH PORTOBELLO 5 LB ORG",
      "category": "Produce/Other",
      "brand": "Baldor",
      "supplier_id": "BALD001",
      "supplier_name": "Baldor Specialty Foods",
      "unit_size": "5 LB CTN",
      "unit_type": "case",
      "wholesale_price": 23.0,
      "retail_price": 23.0,
      "retail_unit_type": "lb",
      "retail_unit_size": "1",
      "retail_pack_size": "1",
      "retail_price_per_unit": 4.6,
      "retail_display": "$4.60/lb",
      "is_organic": true,
      "is_gluten_free": true,
      "is_vegan": true,
      "is_kosher": false,
      "is_non_gmo": false,
      "is_local": false,
      "is_imported": false,
      "search_terms": [
        "portobello",
        "other",
        "produce",
        "org",
        "mush"
      ],
      "upc": null,
      "processed_at": "2025-06-25T12:36:12.973977"
    },
    {
      "sku": "BALDOR_ZASP1",
      "supplier_sku": "ZASP1",
      "name": "BROCCOLINI ICED 18 CT MANN PACKING ORG",
      "category": "Produce/Vegetables/Brassicas",
      "brand": "Baldor",
      "supplier_id": "BALD001",
      "supplier_name": "Baldor Specialty Foods",
      "unit_size": "18 CT CTN",
      "unit_type": "case",
      "wholesale_price": 47.75,
      "retail_price": 47.75,
      "retail_unit_type": "each",
      "retail_unit_size": "1",
      "retail_pack_size": "1",
      "retail_price_per_unit": 2.65,
      "retail_display": "$2.65/each",
      "is_organic": true,
      "is_gluten_free": true,
      "is_vegan": true,
      "is_kosher": false,
      "is_non_gmo": false,
      "is_local": false,
      "is_imported": false,
      "search_terms": [
        "mann",
        "brassicas",
        "vegetables",
        "broccolini",
        "packing",
        "produce",
        "iced",
        "org"
      ],
      "upc": null,
      "processed_at": "2025-06-25T12:36:12.973986"
    },
    {
      "sku": "BALDOR_ZMU5A",
      "supplier_sku": "ZMU5A",
      "name": "MUSH PORTOBELLO CELLO WHOLE CAP 6X6 OZ ORG",
      "category": "Produce/Other",
      "brand": "Baldor",
      "supplier_id": "BALD001",
      "supplier_name": "Baldor Specialty Foods",
      "unit_size": "6 OZ CTN",
      "unit_type": "case",
      "wholesale_price": 23.0,
      "retail_price": 23.0,
      "retail_unit_type": "oz",
      "retail_unit_size": "1",
      "retail_pack_size": "1",
      "retail_price_per_unit": 3.83,
      "retail_display": "$3.83/oz",
      "is_organic": true,
      "is_gluten_free": true,
      "is_vegan": true,
      "is_kosher": false,
      "is_non_gmo": false,
      "is_local": false,
      "is_imported": false,
      "search_terms": [
        "6x6",
        "cap",
        "portobello",
        "cello",
        "other",
        "whole",
        "produce",
        "org",
        "mush"
      ],
      "upc": null,
      "processed_at": "2025-06-25T12:36:12.973995"
    },
    {
      "sku": "BALDOR_ZBR",
      "supplier_sku": "ZBR",
      "name": "BROCCOLI 14 CT ORG",
      "category": "Produce/Vegetables/Brassicas",
      "brand": "Baldor",
      "supplier_id": "BALD001",
      "supplier_name": "Baldor Specialty Foods",
      "unit_size": "14 CT CTN",
      "unit_type": "case",
      "wholesale_price": 37.5,
      "retail_price": 37.5,
      "retail_unit_type": "each",
      "retail_unit_size": "1",
      "retail_pack_size": "1",
      "retail_price_per_unit": 2.68,
      "retail_display": "$2.68/each",
      "is_organic": true,
      "is_gluten_free": true,
      "is_vegan": true,
      "is_kosher": false,
      "is_non_gmo": false,
      "is_local": false,
      "is_imported": false,
      "search_terms": [
        "broccoli",
        "brassicas",
        "vegetables",
        "produce",
        "org"
      ],
      "upc": null,
      "processed_at": "2025-06-25T12:36:12.974002"
    },
    {
      "sku": "BALDOR_ZMU6",
      "supplier_sku": "ZMU6",
      "name": "MUSH CREMINI CELLO WHOLE 6X8 OZ MOTHER EARTH ORG",
      "category": "Produce/Other",
      "brand": "Baldor",
      "supplier_id": "BALD001",
      "supplier_name": "Baldor Specialty Foods",
      "unit_size": "8 OZ CTN",
      "unit_type": "case",
      "wholesale_price": 23.25,
      "retail_price": 23.25,
      "retail_unit_type": "oz",
      "retail_unit_size": "1",
      "retail_pack_size": "1",
      "retail_price_per_unit": 2.91,
      "retail_display": "$2.91/oz",
      "is_organic": true,
      "is_gluten_free": true,
      "is_vegan": true,
      "is_kosher": false,
      "is_non_gmo": false,
      "is_local": false,
      "is_imported": false,
      "search_terms": [
        "cello",
        "other",
        "cremini",
        "whole",
        "produce",
        "org",
        "6x8",
        "earth",
        "mush",
        "mother"
      ],
      "upc": null,
      "processed_at": "2025-06-25T12:36:12.974012"
    },
    {
      "sku": "BALDOR_ZBR1A",
      "supplier_sku": "ZBR1A",
      "name": "BROCCOLI CROWNS 20 LB ORG",
      "category": "Produce/Vegetables/Brassicas",
      "brand": "Baldor",
      "supplier_id": "BALD001",
      "supplier_name": "Baldor Specialty Foods",
      "unit_size": "20 LB CTN",
      "unit_type": "case",
      "wholesale_price": 42.25,
      "retail_price": 42.25,
      "retail_unit_type": "lb",
      "retail_unit_size": "1",
      "retail_pack_size": "1",
      "retail_price_per_unit": 2.11,
      "retail_display": "$2.11/lb",
      "is_organic": true,
      "is_gluten_free": true,
      "is_vegan": true,
      "is_kosher": false,
      "is_non_gmo": false,
      "is_local": false,
      "is_imported": false,
      "search_terms": [
        "broccoli",
        "brassicas",
        "vegetables",
        "crowns",
        "produce",
        "org"
      ],
      "upc": null,
      "processed_at": "2025-06-25T12:36:12.974019"
    },
    {
      "sku": "BALDOR_ZMU6A",
      "supplier_sku": "ZMU6A",
      "name": "MUSH CREMINI WHOLE 5 LB ORG",
      "category": "Produce/Other",
      "brand": "Baldor",
      "supplier_id": "BALD001",
      "supplier_name": "Baldor Specialty Foods",
      "unit_size": "5 LB CTN",
      "unit_type": "case",
      "wholesale_price": 23.25,
      "retail_price": 23.25,
      "retail_unit_type": "lb",
      "retail_unit_size": "1",
      "retail_pack_size": "1",
      "retail_price_per_unit": 4.65,
      "retail_display": "$4.65/lb",
      "is_organic": true,
      "is_gluten_free": true,
      "is_vegan": true,
      "is_kosher": false,
      "is_non_gmo": false,
      "is_local": false,
      "is_imported": false,
      "search_terms": [
        "other",
        "cremini",
        "whole",
        "produce",
        "org",
        "mush"
      ],
      "upc": null,
      "processed_at": "2025-06-25T12:36:12.974027"
    },
    {
      "sku": "BALDOR_ZBR9",
      "supplier_sku": "ZBR9",
      "name": "BROCCOLI BROCCOLETTE BABY 18 CT ORG",
      "category": "Produce/Vegetables/Brassicas",
      "brand": "Baldor",
      "supplier_id": "BALD001",
      "supplier_name": "Baldor Specialty Foods",
      "unit_size": "18 CT CTN",
      "unit_type": "case",
      "wholesale_price": 47.75,
      "retail_price": 47.75,
      "retail_unit_type": "each",
      "retail_unit_size": "1",
      "retail_pack_size": "1",
      "retail_price_per_unit": 2.65,
      "retail_display": "$2.65/each",
      "is_organic": true,
      "is_gluten_free": true,
      "is_vegan": true,
      "is_kosher": false,
      "is_non_gmo": false,
      "is_local": false,
      "is_imported": false,
      "search_terms": [
        "broccoli",
        "broccolette",
        "brassicas",
        "baby",
        "vegetables",
        "produce",
        "org"
      ],
      "upc": null,
      "processed_at": "2025-06-25T12:36:12.974035"
    },
    {
      "sku": "BALDOR_ZMU7",
      "supplier_sku": "ZMU7",
      "name": "MUSH OYSTER 5 LB RI MUSH ORG",
      "category": "Produce/Other",
      "brand": "Baldor",
      "supplier_id": "BALD001",
      "supplier_name": "Baldor Specialty Foods",
      "unit_size": "5 LB CTN",
      "unit_type": "case",
      "wholesale_price": 35.25,
      "retail_price": 35.25,
      "retail_unit_type": "lb",
      "retail_unit_size": "1",
      "retail_pack_size": "1",
      "retail_price_per_unit": 7.05,
      "retail_display": "$7.05/lb",
      "is_organic": true,
      "is_gluten_free": true,
      "is_vegan": true,
      "is_kosher": false,
      "is_non_gmo": false,
      "is_local": false,
      "is_imported": false,
      "search_terms": [
        "oyster",
        "other",
        "produce",
        "org",
        "mush"
      ],
      "upc": null,
      "processed_at": "2025-06-25T12:36:12.974042"
    },
    {
      "sku": "BALDOR_ZMU7A",
      "supplier_sku": "ZMU7A",
      "name": "MUSH OYSTER 6X3.5 ORG",
      "category": "Produce/Other",
      "brand": "Baldor",
      "supplier_id": "BALD001",
      "supplier_name": "Baldor Specialty Foods",
      "unit_size": "3.5 OZ CTN",
      "unit_type": "case",
      "wholesale_price": 19.0,
      "retail_price": 19.0,
      "retail_unit_type": "oz",
      "retail_unit_size": "1",
      "retail_pack_size": "1",
      "retail_price_per_unit": 5.43,
      "retail_display": "$5.43/oz",
      "is_organic": true,
      "is_gluten_free": true,
      "is_vegan": true,
      "is_kosher": false,
      "is_non_gmo": false,
      "is_local": false,
      "is_imported": false,
      "search_terms": [
        "oyster",
        "6x3.5",
        "other",
        "produce",
        "org",
        "mush"
      ],
      "upc": null,
      "processed_at": "2025-06-25T12:36:12.974050"
    },
    {
      "sku": "BALDOR_ZSPR10",
      "supplier_sku": "ZSPR10",
      "name": "BRUSSELS SPROUTS 10 LB ORG",
      "category": "Produce/Other",
      "brand": "Baldor",
      "supplier_id": "BALD001",
      "supplier_name": "Baldor Specialty Foods",
      "unit_size": "10 LB CTN",
      "unit_type": "case",
      "wholesale_price": 56.75,
      "retail_price": 56.75,
      "retail_unit_type": "lb",
      "retail_unit_size": "1",
      "retail_pack_size": "1",
      "retail_price_per_unit": 5.67,
      "retail_display": "$5.67/lb",
      "is_organic": true,
      "is_gluten_free": true,
      "is_vegan": true,
      "is_kosher": false,
      "is_non_gmo": false,
      "is_local": false,
      "is_imported": false,
      "search_terms": [
        "other",
        "produce",
        "org",
        "sprouts",
        "brussels"
      ],
      "upc": null,
      "processed_at": "2025-06-25T12:36:12.974058"
    },
    {
      "sku": "BALDOR_ZMU90",
      "supplier_sku": "ZMU90",
      "name": "MUSH CELLO WHITE 12X8 OZ MOTHER EARTH ORG",
      "category": "Produce/Other",
      "brand": "Baldor",
      "supplier_id": "BALD001",
      "supplier_name": "Baldor Specialty Foods",
      "unit_size": "8 OZ CTN",
      "unit_type": "case",
      "wholesale_price": 27.25,
      "retail_price": 27.25,
      "retail_unit_type": "oz",
      "retail_unit_size": "1",
      "retail_pack_size": "1",
      "retail_price_per_unit": 3.41,
      "retail_display": "$3.41/oz",
      "is_organic": true,
      "is_gluten_free": true,
      "is_vegan": true,
      "is_kosher": false,
      "is_non_gmo": false,
      "is_local": false,
      "is_imported": false,
      "search_terms": [
        "cello",
        "white",
        "other",
        "12x8",
        "produce",
        "org",
        "earth",
        "mush",
        "mother"
      ],
      "upc": null,
      "processed_at": "2025-06-25T12:36:12.974067"
    },
    {
      "sku": "BALDOR_ZSPR11",
      "supplier_sku": "ZSPR11",
      "name": "BRUSSELS SPROUTS 8X1 LB ORG",
      "category": "Produce/Other",
      "brand": "Baldor",
      "supplier_id": "BALD001",
      "supplier_name": "Baldor Specialty Foods",
      "unit_size": "1 LB CTN",
      "unit_type": "case",
      "wholesale_price": 40.75,
      "retail_price": 40.75,
      "retail_unit_type": "lb",
      "retail_unit_size": "1",
      "retail_pack_size": "1",
      "retail_price_per_unit": 40.75,
      "retail_display": "$40.75/lb",
      "is_organic": true,
      "is_gluten_free": true,
      "is_vegan": true,
      "is_kosher": false,
      "is_non_gmo": false,
      "is_local": false,
      "is_imported": false,
      "search_terms": [
        "8x1",
        "other",
        "produce",
        "org",
        "sprouts",
        "brussels"
      ],
      "upc": null,
      "processed_at": "2025-06-25T12:36:12.974075"
    },
    {
      "sku": "BALDOR_ZMU91",
      "supplier_sku": "ZMU91",
      "name": "MUSH WHITE MEDIUM 10 LB ORG",
      "category": "Produce/Other",
      "brand": "Baldor",
      "supplier_id": "BALD001",
      "supplier_name": "Baldor Specialty Foods",
      "unit_size": "10 LB CTN",
      "unit_type": "case",
      "wholesale_price": 32.0,
      "retail_price": 32.0,
      "retail_unit_type": "lb",
      "retail_unit_size": "1",
      "retail_pack_size": "1",
      "retail_price_per_unit": 3.2,
      "retail_display": "$3.20/lb",
      "is_organic": true,
      "is_gluten_free": true,
      "is_vegan": true,
      "is_kosher": false,
      "is_non_gmo": false,
      "is_local": false,
      "is_imported": false,
      "search_terms": [
        "white",
        "other",
        "produce",
        "org",
        "medium",
        "mush"
      ],
      "upc": null,
      "processed_at": "2025-06-25T12:36:12.974083"
    },
    {
      "sku": "BALDOR_ZMU97",
      "supplier_sku": "ZMU97",
      "name": "MUSH MAITAKE 12X3.5 ORG",
      "category": "Produce/Other",
      "brand": "Baldor",
      "supplier_id": "BALD001",
      "supplier_name": "Baldor Specialty Foods",
      "unit_size": "3.5 OZ CTN",
      "unit_type": "case",
      "wholesale_price": 51.5,
      "retail_price": 51.5,
      "retail_unit_type": "oz",
      "retail_unit_size": "1",
      "retail_pack_size": "1",
      "retail_price_per_unit": 14.71,
      "retail_display": "$14.71/oz",
      "is_organic": true,
      "is_gluten_free": true,
      "is_vegan": true,
      "is_kosher": false,
      "is_non_gmo": false,
      "is_local": false,
      "is_imported": false,
      "search_terms": [
        "12x3.5",
        "maitake",
        "other",
        "produce",
        "org",
        "mush"
      ],
      "upc": null,
      "processed_at": "2025-06-25T12:36:12.974091"
    },
    {
      "sku": "BALDOR_ZCAB5A",
      "supplier_sku": "ZCAB5A",
      "name": "BOK CHOY LOOSE CALO ORG",
      "category": "Produce/Other",
      "brand": "Baldor",
      "supplier_id": "BALD001",
      "supplier_name": "Baldor Specialty Foods",
      "unit_size": "45 LB CTN",
      "unit_type": "case",
      "wholesale_price": 61.25,
      "retail_price": 61.25,
      "retail_unit_type": "lb",
      "retail_unit_size": "1",
      "retail_pack_size": "1",
      "retail_price_per_unit": 1.36,
      "retail_display": "$1.36/lb",
      "is_organic": true,
      "is_gluten_free": true,
      "is_vegan": true,
      "is_kosher": false,
      "is_non_gmo": false,
      "is_local": false,
      "is_imported": false,
      "search_terms": [
        "calo",
        "loose",
        "other",
        "produce",
        "org",
        "bok",
        "choy"
      ],
      "upc": null,
      "processed_at": "2025-06-25T12:36:12.974098"
    },
    {
      "sku": "BALDOR_ZMU97.3",
      "supplier_sku": "ZMU97.3",
      "name": "MUSH MAITAKE 24X100 GR ORG",
      "category": "Produce/Other",
      "brand": "Baldor",
      "supplier_id": "BALD001",
      "supplier_name": "Baldor Specialty Foods",
      "unit_size": "100 GR CTN",
      "unit_type": "case",
      "wholesale_price": 87.5,
      "retail_price": 87.5,
      "retail_unit_type": "case",
      "retail_unit_size": "100 GR CTN",
      "retail_pack_size": "1",
      "retail_price_per_unit": 87.5,
      "retail_display": "$87.50/case",
      "is_organic": true,
      "is_gluten_free": true,
      "is_vegan": true,
      "is_kosher": false,
      "is_non_gmo": false,
      "is_local": false,
      "is_imported": false,
      "search_terms": [
        "maitake",
        "other",
        "produce",
        "org",
        "24x100",
        "mush"
      ],
      "upc": null,
      "processed_at": "2025-06-25T12:36:12.974109"
    },
    {
      "sku": "BALDOR_ZCAB6",
      "supplier_sku": "ZCAB6",
      "name": "BOK CHOY BABY 20 LB ORG",
      "category": "Produce/Other",
      "brand": "Baldor",
      "supplier_id": "BALD001",
      "supplier_name": "Baldor Specialty Foods",
      "unit_size": "20 LB CTN",
      "unit_type": "case",
      "wholesale_price": 61.5,
      "retail_price": 61.5,
      "retail_unit_type": "lb",
      "retail_unit_size": "1",
      "retail_pack_size": "1",
      "retail_price_per_unit": 3.08,
      "retail_display": "$3.08/lb",
      "is_organic": true,
      "is_gluten_free": true,
      "is_vegan": true,
      "is_kosher": false,
      "is_non_gmo": false,
      "is_local": false,
      "is_imported": false,
      "search_terms": [
        "baby",
        "other",
        "produce",
        "org",
        "bok",
        "choy"
      ],
      "upc": null,
      "processed_at": "2025-06-25T12:36:12.974117"
    },
    {
      "sku": "BALDOR_ZMU971C",
      "supplier_sku": "ZMU971C",
      "name": "MUSH TRUMPET KING 10X300 GR ORG",
      "category": "Produce/Other",
      "brand": "Baldor",
      "supplier_id": "BALD001",
      "supplier_name": "Baldor Specialty Foods",
      "unit_size": "300 GR CTN",
      "unit_type": "case",
      "wholesale_price": 86.25,
      "retail_price": 86.25,
      "retail_unit_type": "case",
      "retail_unit_size": "300 GR CTN",
      "retail_pack_size": "1",
      "retail_price_per_unit": 86.25,
      "retail_display": "$86.25/case",
      "is_organic": true,
      "is_gluten_free": true,
      "is_vegan": true,
      "is_kosher": false,
      "is_non_gmo": false,
      "is_local": false,
      "is_imported": false,
      "search_terms": [
        "10x300",
        "other",
        "produce",
        "org",
        "mush",
        "trumpet",
        "king"
      ],
      "upc": null,
      "processed_at": "2025-06-25T12:36:12.974129"
    },
    {
      "sku": "BALDOR_ZOG20",
      "supplier_sku": "ZOG20",
      "name": "BOK CHOY BABY CLAMSHELL 6X5 OZ ORGGIRL",
      "category": "Produce/Other",
      "brand": "Baldor",
      "supplier_id": "BALD001",
      "supplier_name": "Baldor Specialty Foods",
      "unit_size": "5 OZ CTN",
      "unit_type": "case",
      "wholesale_price": 20.75,
      "retail_price": 20.75,
      "retail_unit_type": "oz",
      "retail_unit_size": "1",
      "retail_pack_size": "1",
      "retail_price_per_unit": 4.15,
      "retail_display": "$4.15/oz",
      "is_organic": true,
      "is_gluten_free": true,
      "is_vegan": true,
      "is_kosher": false,
      "is_non_gmo": false,
      "is_local": false,
      "is_imported": false,
      "search_terms": [
        "baby",
        "other",
        "6x5",
        "produce",
        "orggirl",
        "bok",
        "clamshell",
        "choy"
      ],
      "upc": null,
      "processed_at": "2025-06-25T12:36:12.974143"
    },
    {
      "sku": "BALDOR_ZG",
      "supplier_sku": "ZG",
      "name": "GARLIC WHOLE 10 LB ORG",
      "category": "Produce/Other",
      "brand": "Baldor",
      "supplier_id": "BALD001",
      "supplier_name": "Baldor Specialty Foods",
      "unit_size": "10 LB CTN",
      "unit_type": "case",
      "wholesale_price": 71.25,
      "retail_price": 71.25,
      "retail_unit_type": "lb",
      "retail_unit_size": "1",
      "retail_pack_size": "1",
      "retail_price_per_unit": 7.12,
      "retail_display": "$7.12/lb",
      "is_organic": true,
      "is_gluten_free": true,
      "is_vegan": true,
      "is_kosher": false,
      "is_non_gmo": false,
      "is_local": false,
      "is_imported": false,
      "search_terms": [
        "other",
        "whole",
        "produce",
        "garlic",
        "org"
      ],
      "upc": null,
      "processed_at": "2025-06-25T12:36:12.974151"
    },
    {
      "sku": "BALDOR_ZG3B",
      "supplier_sku": "ZG3B",
      "name": "GARLIC PEEL 12X6 OZ CHRISTOPHER RANCH ORG",
      "category": "Produce/Other",
      "brand": "Baldor",
      "supplier_id": "BALD001",
      "supplier_name": "Baldor Specialty Foods",
      "unit_size": "6 OZ CTN",
      "unit_type": "case",
      "wholesale_price": 58.5,
      "retail_price": 58.5,
      "retail_unit_type": "oz",
      "retail_unit_size": "1",
      "retail_pack_size": "1",
      "retail_price_per_unit": 9.75,
      "retail_display": "$9.75/oz",
      "is_organic": true,
      "is_gluten_free": true,
      "is_vegan": true,
      "is_kosher": false,
      "is_non_gmo": false,
      "is_local": false,
      "is_imported": false,
      "search_terms": [
        "ranch",
        "christopher",
        "peel",
        "other",
        "produce",
        "garlic",
        "org",
        "12x6"
      ],
      "upc": null,
      "processed_at": "2025-06-25T12:36:12.974160"
    },
    {
      "sku": "BALDOR_ZG3C",
      "supplier_sku": "ZG3C",
      "name": "GARLIC PEEL 5 LB CHRISTOPHER RANCH ORG",
      "category": "Produce/Other",
      "brand": "Baldor",
      "supplier_id": "BALD001",
      "supplier_name": "Baldor Specialty Foods",
      "unit_size": "5 LB EACH",
      "unit_type": "case",
      "wholesale_price": 41.25,
      "retail_price": 41.25,
      "retail_unit_type": "lb",
      "retail_unit_size": "1",
      "retail_pack_size": "1",
      "retail_price_per_unit": 8.25,
      "retail_display": "$8.25/lb",
      "is_organic": true,
      "is_gluten_free": true,
      "is_vegan": true,
      "is_kosher": false,
      "is_non_gmo": false,
      "is_local": false,
      "is_imported": false,
      "search_terms": [
        "ranch",
        "christopher",
        "peel",
        "other",
        "produce",
        "garlic",
        "org"
      ],
      "upc": null,
      "processed_at": "2025-06-25T12:36:12.974168"
    },
    {
      "sku": "BALDOR_ZG4A",
      "supplier_sku": "ZG4A",
      "name": "GARLIC BULB SLEEVED 24X3 CT CHRISTOPHER RANCH LLC ORG",
      "category": "Produce/Other",
      "brand": "Baldor",
      "supplier_id": "BALD001",
      "supplier_name": "Baldor Specialty Foods",
      "unit_size": "3 CT CTN",
      "unit_type": "case",
      "wholesale_price": 42.0,
      "retail_price": 42.0,
      "retail_unit_type": "each",
      "retail_unit_size": "1",
      "retail_pack_size": "1",
      "retail_price_per_unit": 14.0,
      "retail_display": "$14.00/each",
      "is_organic": true,
      "is_gluten_free": true,
      "is_vegan": true,
      "is_kosher": false,
      "is_non_gmo": false,
      "is_local": false,
      "is_imported": false,
      "search_terms": [
        "ranch",
        "sleeved",
        "llc",
        "christopher",
        "other",
        "produce",
        "garlic",
        "org",
        "24x3",
        "bulb"
      ],
      "upc": null,
      "processed_at": "2025-06-25T12:36:12.974178"
    },
    {
      "sku": "BALDOR_ZCAR3D",
      "supplier_sku": "ZCAR3D",
      "name": "CARROT RAINBOW MIX 25 LB ORG",
      "category": "Produce/Vegetables/Root Vegetables",
      "brand": "Baldor",
      "supplier_id": "BALD001",
      "supplier_name": "Baldor Specialty Foods",
      "unit_size": "25 LB CTN",
      "unit_type": "case",
      "wholesale_price": 41.75,
      "retail_price": 41.75,
      "retail_unit_type": "lb",
      "retail_unit_size": "1",
      "retail_pack_size": "1",
      "retail_price_per_unit": 1.67,
      "retail_display": "$1.67/lb",
      "is_organic": true,
      "is_gluten_free": true,
      "is_vegan": true,
      "is_kosher": false,
      "is_non_gmo": false,
      "is_local": false,
      "is_imported": false,
      "search_terms": [
        "root vegetables",
        "rainbow",
        "vegetables",
        "produce",
        "org",
        "mix",
        "carrot"
      ],
      "upc": null,
      "processed_at": "2025-06-25T12:36:12.974185"
    },
    {
      "sku": "BALDOR_ZCAR3E",
      "supplier_sku": "ZCAR3E",
      "name": "CARROT RAINBOW 24X2 LB CALO ORG",
      "category": "Produce/Vegetables/Root Vegetables",
      "brand": "Baldor",
      "supplier_id": "BALD001",
      "supplier_name": "Baldor Specialty Foods",
      "unit_size": "2 LB CTN",
      "unit_type": "case",
      "wholesale_price": 54.0,
      "retail_price": 54.0,
      "retail_unit_type": "lb",
      "retail_unit_size": "1",
      "retail_pack_size": "1",
      "retail_price_per_unit": 27.0,
      "retail_display": "$27.00/lb",
      "is_organic": true,
      "is_gluten_free": true,
      "is_vegan": true,
      "is_kosher": false,
      "is_non_gmo": false,
      "is_local": false,
      "is_imported": false,
      "search_terms": [
        "root vegetables",
        "rainbow",
        "vegetables",
        "24x2",
        "produce",
        "org",
        "calo",
        "carrot"
      ],
      "upc": null,
      "processed_at": "2025-06-25T12:36:12.974192"
    },
    {
      "sku": "BALDOR_ZON5",
      "supplier_sku": "ZON5",
      "name": "ONION RED 40 LB ORG",
      "category": "Produce/Vegetables/Onions",
      "brand": "Baldor",
      "supplier_id": "BALD001",
      "supplier_name": "Baldor Specialty Foods",
      "unit_size": "40 LB CTN",
      "unit_type": "case",
      "wholesale_price": 53.75,
      "retail_price": 53.75,
      "retail_unit_type": "lb",
      "retail_unit_size": "1",
      "retail_pack_size": "1",
      "retail_price_per_unit": 1.34,
      "retail_display": "$1.34/lb",
      "is_organic": true,
      "is_gluten_free": true,
      "is_vegan": true,
      "is_kosher": false,
      "is_non_gmo": false,
      "is_local": false,
      "is_imported": false,
      "search_terms": [
        "onions",
        "onion",
        "vegetables",
        "red",
        "produce",
        "org"
      ],
      "upc": null,
      "processed_at": "2025-06-25T12:36:12.974199"
    },
    {
      "sku": "BALDOR_ZCAR3L",
      "supplier_sku": "ZCAR3L",
      "name": "CARROT SHREDDED RTL 12X10 OZ GRIMMWAY FARMS ORG",
      "category": "Produce/Vegetables/Root Vegetables",
      "brand": "Baldor",
      "supplier_id": "BALD001",
      "supplier_name": "Baldor Specialty Foods",
      "unit_size": "10 OZ CTN",
      "unit_type": "case",
      "wholesale_price": 25.75,
      "retail_price": 25.75,
      "retail_unit_type": "oz",
      "retail_unit_size": "1",
      "retail_pack_size": "1",
      "retail_price_per_unit": 2.58,
      "retail_display": "$2.58/oz",
      "is_organic": true,
      "is_gluten_free": true,
      "is_vegan": true,
      "is_kosher": false,
      "is_non_gmo": false,
      "is_local": false,
      "is_imported": false,
      "search_terms": [
        "12x10",
        "root vegetables",
        "vegetables",
        "farms",
        "grimmway",
        "shredded",
        "rtl",
        "produce",
        "org",
        "carrot"
      ],
      "upc": null,
      "processed_at": "2025-06-25T12:36:12.974207"
    },
    {
      "sku": "BALDOR_ZON97",
      "supplier_sku": "ZON97",
      "name": "SCALLION JAPANESE NEGI 3 BU NORWICH ORG LCL",
      "category": "Produce/Other",
      "brand": "Baldor",
      "supplier_id": "BALD001",
      "supplier_name": "Baldor Specialty Foods",
      "unit_size": "3 BU CTN",
      "unit_type": "case",
      "wholesale_price": 19.5,
      "retail_price": 19.5,
      "retail_unit_type": "bunch",
      "retail_unit_size": "1",
      "retail_pack_size": "1",
      "retail_price_per_unit": 6.5,
      "retail_display": "$6.50/bunch",
      "is_organic": true,
      "is_gluten_free": true,
      "is_vegan": true,
      "is_kosher": false,
      "is_non_gmo": false,
      "is_local": true,
      "is_imported": false,
      "search_terms": [
        "scallion",
        "negi",
        "other",
        "norwich",
        "produce",
        "org",
        "japanese",
        "lcl"
      ],
      "upc": null,
      "processed_at": "2025-06-25T12:36:12.974218"
    },
    {
      "sku": "BALDOR_ZCAR5",
      "supplier_sku": "ZCAR5",
      "name": "CARROT CHIPS RAINBOW 12X12 OZ CALO ORG",
      "category": "Produce/Vegetables/Root Vegetables",
      "brand": "Baldor",
      "supplier_id": "BALD001",
      "supplier_name": "Baldor Specialty Foods",
      "unit_size": "12 OZ CTN",
      "unit_type": "case",
      "wholesale_price": 26.75,
      "retail_price": 26.75,
      "retail_unit_type": "oz",
      "retail_unit_size": "1",
      "retail_pack_size": "1",
      "retail_price_per_unit": 2.23,
      "retail_display": "$2.23/oz",
      "is_organic": true,
      "is_gluten_free": true,
      "is_vegan": true,
      "is_kosher": false,
      "is_non_gmo": false,
      "is_local": false,
      "is_imported": false,
      "search_terms": [
        "root vegetables",
        "rainbow",
        "chips",
        "vegetables",
        "produce",
        "org",
        "calo",
        "12x12",
        "carrot"
      ],
      "upc": null,
      "processed_at": "2025-06-25T12:36:12.974225"
    },
    {
      "sku": "BALDOR_ZON991",
      "supplier_sku": "ZON991",
      "name": "ONION YELLOW 16X3 LB ORG",
      "category": "Produce/Vegetables/Onions",
      "brand": "Baldor",
      "supplier_id": "BALD001",
      "supplier_name": "Baldor Specialty Foods",
      "unit_size": "3 LB CTN",
      "unit_type": "case",
      "wholesale_price": 48.25,
      "retail_price": 48.25,
      "retail_unit_type": "lb",
      "retail_unit_size": "1",
      "retail_pack_size": "1",
      "retail_price_per_unit": 16.08,
      "retail_display": "$16.08/lb",
      "is_organic": true,
      "is_gluten_free": true,
      "is_vegan": true,
      "is_kosher": false,
      "is_non_gmo": false,
      "is_local": false,
      "is_imported": false,
      "search_terms": [
        "onions",
        "onion",
        "vegetables",
        "produce",
        "org",
        "yellow",
        "16x3"
      ],
      "upc": null,
      "processed_at": "2025-06-25T12:36:12.974234"
    },
    {
      "sku": "BALDOR_ZCAR6",
      "supplier_sku": "ZCAR6",
      "name": "CARROT JUICING 50 LB ORG",
      "category": "Produce/Vegetables/Root Vegetables",
      "brand": "Baldor",
      "supplier_id": "BALD001",
      "supplier_name": "Baldor Specialty Foods",
      "unit_size": "50 LB CTN",
      "unit_type": "case",
      "wholesale_price": 61.75,
      "retail_price": 61.75,
      "retail_unit_type": "lb",
      "retail_unit_size": "1",
      "retail_pack_size": "1",
      "retail_price_per_unit": 1.24,
      "retail_display": "$1.24/lb",
      "is_organic": true,
      "is_gluten_free": true,
      "is_vegan": true,
      "is_kosher": false,
      "is_non_gmo": false,
      "is_local": false,
      "is_imported": false,
      "search_terms": [
        "root vegetables",
        "juicing",
        "vegetables",
        "produce",
        "org",
        "carrot"
      ],
      "upc": null,
      "processed_at": "2025-06-25T12:36:12.974240"
    },
    {
      "sku": "BALDOR_ZON991A",
      "supplier_sku": "ZON991A",
      "name": "ONION RED 16X3 LB ORG",
      "category": "Produce/Vegetables/Onions",
      "brand": "Baldor",
      "supplier_id": "BALD001",
      "supplier_name": "Baldor Specialty Foods",
      "unit_size": "3 LB CTN",
      "unit_type": "case",
      "wholesale_price": 53.25,
      "retail_price": 53.25,
      "retail_unit_type": "lb",
      "retail_unit_size": "1",
      "retail_pack_size": "1",
      "retail_price_per_unit": 17.75,
      "retail_display": "$17.75/lb",
      "is_organic": true,
      "is_gluten_free": true,
      "is_vegan": true,
      "is_kosher": false,
      "is_non_gmo": false,
      "is_local": false,
      "is_imported": false,
      "search_terms": [
        "onions",
        "onion",
        "vegetables",
        "red",
        "produce",
        "org",
        "16x3"
      ],
      "upc": null,
      "processed_at": "2025-06-25T12:36:12.974247"
    },
    {
      "sku": "BALDOR_ZCAR9",
      "supplier_sku": "ZCAR9",
      "name": "CARROT BABY PEELED 30X1 LB ORG",
      "category": "Produce/Vegetables/Root Vegetables",
      "brand": "Baldor",
      "supplier_id": "BALD001",
      "supplier_name": "Baldor Specialty Foods",
      "unit_size": "1 LB CTN",
      "unit_type": "case",
      "wholesale_price": 45.0,
      "retail_price": 45.0,
      "retail_unit_type": "lb",
      "retail_unit_size": "1",
      "retail_pack_size": "1",
      "retail_price_per_unit": 45.0,
      "retail_display": "$45.00/lb",
      "is_organic": true,
      "is_gluten_free": true,
      "is_vegan": true,
      "is_kosher": false,
      "is_non_gmo": false,
      "is_local": false,
      "is_imported": false,
      "search_terms": [
        "root vegetables",
        "peeled",
        "baby",
        "vegetables",
        "30x1",
        "produce",
        "org",
        "carrot"
      ],
      "upc": null,
      "processed_at": "2025-06-25T12:36:12.974254"
    },
    {
      "sku": "BALDOR_ZSC1",
      "supplier_sku": "ZSC1",
      "name": "SCALLIONS 48 CT ORG",
      "category": "Produce/Other",
      "brand": "Baldor",
      "supplier_id": "BALD001",
      "supplier_name": "Baldor Specialty Foods",
      "unit_size": "48 CT CTN",
      "unit_type": "case",
      "wholesale_price": 43.5,
      "retail_price": 43.5,
      "retail_unit_type": "each",
      "retail_unit_size": "1",
      "retail_pack_size": "1",
      "retail_price_per_unit": 0.91,
      "retail_display": "$0.91/each",
      "is_organic": true,
      "is_gluten_free": true,
      "is_vegan": true,
      "is_kosher": false,
      "is_non_gmo": false,
      "is_local": false,
      "is_imported": false,
      "search_terms": [
        "scallions",
        "produce",
        "org",
        "other"
      ],
      "upc": null,
      "processed_at": "2025-06-25T12:36:12.974262"
    },
    {
      "sku": "BALDOR_ZCAR91C",
      "supplier_sku": "ZCAR91C",
      "name": "CARROT BABY RAINBOW 12X12 OZ ORG",
      "category": "Produce/Vegetables/Root Vegetables",
      "brand": "Baldor",
      "supplier_id": "BALD001",
      "supplier_name": "Baldor Specialty Foods",
      "unit_size": "12 OZ CTN",
      "unit_type": "case",
      "wholesale_price": 27.0,
      "retail_price": 27.0,
      "retail_unit_type": "oz",
      "retail_unit_size": "1",
      "retail_pack_size": "1",
      "retail_price_per_unit": 2.25,
      "retail_display": "$2.25/oz",
      "is_organic": true,
      "is_gluten_free": true,
      "is_vegan": true,
      "is_kosher": false,
      "is_non_gmo": false,
      "is_local": false,
      "is_imported": false,
      "search_terms": [
        "root vegetables",
        "rainbow",
        "baby",
        "vegetables",
        "produce",
        "org",
        "12x12",
        "carrot"
      ],
      "upc": null,
      "processed_at": "2025-06-25T12:36:12.974269"
    },
    {
      "sku": "BALDOR_ZCAR990",
      "supplier_sku": "ZCAR990",
      "name": "CARROT CELLO 10X5 LB CALO ORG",
      "category": "Produce/Vegetables/Root Vegetables",
      "brand": "Baldor",
      "supplier_id": "BALD001",
      "supplier_name": "Baldor Specialty Foods",
      "unit_size": "5 LB CTN",
      "unit_type": "case",
      "wholesale_price": 56.75,
      "retail_price": 56.75,
      "retail_unit_type": "lb",
      "retail_unit_size": "1",
      "retail_pack_size": "1",
      "retail_price_per_unit": 11.35,
      "retail_display": "$11.35/lb",
      "is_organic": true,
      "is_gluten_free": true,
      "is_vegan": true,
      "is_kosher": false,
      "is_non_gmo": false,
      "is_local": false,
      "is_imported": false,
      "search_terms": [
        "root vegetables",
        "cello",
        "vegetables",
        "10x5",
        "produce",
        "org",
        "calo",
        "carrot"
      ],
      "upc": null,
      "processed_at": "2025-06-25T12:36:12.974276"
    },
    {
      "sku": "BALDOR_ZPR4",
      "supplier_sku": "ZPR4",
      "name": "PEARS BOSC PEARS 70-80 CT",
      "category": "Produce/Vegetables/Peas",
      "brand": "Baldor",
      "supplier_id": "BALD001",
      "supplier_name": "Baldor Specialty Foods",
      "unit_size": "70-80 CT CTN",
      "unit_type": "case",
      "wholesale_price": 103.5,
      "retail_price": 103.5,
      "retail_unit_type": "each",
      "retail_unit_size": "1",
      "retail_pack_size": "1",
      "retail_price_per_unit": 1.29,
      "retail_display": "$1.29/each",
      "is_organic": false,
      "is_gluten_free": true,
      "is_vegan": true,
      "is_kosher": false,
      "is_non_gmo": false,
      "is_local": false,
      "is_imported": false,
      "search_terms": [
        "peas",
        "pears",
        "bosc",
        "vegetables",
        "produce"
      ],
      "upc": null,
      "processed_at": "2025-06-25T12:36:12.974286"
    },
    {
      "sku": "BALDOR_ZCAR990R",
      "supplier_sku": "ZCAR990R",
      "name": "CARROT CELLO 5 LB ORG",
      "category": "Produce/Vegetables/Root Vegetables",
      "brand": "Baldor",
      "supplier_id": "BALD001",
      "supplier_name": "Baldor Specialty Foods",
      "unit_size": "5 LB EACH",
      "unit_type": "case",
      "wholesale_price": 7.0,
      "retail_price": 7.0,
      "retail_unit_type": "lb",
      "retail_unit_size": "1",
      "retail_pack_size": "1",
      "retail_price_per_unit": 1.4,
      "retail_display": "$1.40/lb",
      "is_organic": true,
      "is_gluten_free": true,
      "is_vegan": true,
      "is_kosher": false,
      "is_non_gmo": false,
      "is_local": false,
      "is_imported": false,
      "search_terms": [
        "root vegetables",
        "cello",
        "vegetables",
        "produce",
        "org",
        "carrot"
      ],
      "upc": null,
      "processed_at": "2025-06-25T12:36:12.974292"
    },
    {
      "sku": "BALDOR_ZPR41",
      "supplier_sku": "ZPR41",
      "name": "PEARS BOSC 100 CT ORG",
      "category": "Produce/Vegetables/Peas",
      "brand": "Baldor",
      "supplier_id": "BALD001",
      "supplier_name": "Baldor Specialty Foods",
      "unit_size": "100 CT CTN",
      "unit_type": "case",
      "wholesale_price": 75.75,
      "retail_price": 75.75,
      "retail_unit_type": "each",
      "retail_unit_size": "1",
      "retail_pack_size": "1",
      "retail_price_per_unit": 0.76,
      "retail_display": "$0.76/each",
      "is_organic": true,
      "is_gluten_free": true,
      "is_vegan": true,
      "is_kosher": false,
      "is_non_gmo": false,
      "is_local": false,
      "is_imported": false,
      "search_terms": [
        "peas",
        "pears",
        "bosc",
        "vegetables",
        "produce",
        "org",
        "100"
      ],
      "upc": null,
      "processed_at": "2025-06-25T12:36:12.974301"
    },
    {
      "sku": "BALDOR_ZCAR991",
      "supplier_sku": "ZCAR991",
      "name": "CARROT CELLO 48X1 LB ORG",
      "category": "Produce/Vegetables/Root Vegetables",
      "brand": "Baldor",
      "supplier_id": "BALD001",
      "supplier_name": "Baldor Specialty Foods",
      "unit_size": "1 LB CTN",
      "unit_type": "case",
      "wholesale_price": 47.0,
      "retail_price": 47.0,
      "retail_unit_type": "lb",
      "retail_unit_size": "1",
      "retail_pack_size": "1",
      "retail_price_per_unit": 47.0,
      "retail_display": "$47.00/lb",
      "is_organic": true,
      "is_gluten_free": true,
      "is_vegan": true,
      "is_kosher": false,
      "is_non_gmo": false,
      "is_local": false,
      "is_imported": false,
      "search_terms": [
        "root vegetables",
        "cello",
        "48x1",
        "vegetables",
        "produce",
        "org",
        "carrot"
      ],
      "upc": null,
      "processed_at": "2025-06-25T12:36:12.974309"
    },
    {
      "sku": "BALDOR_ZCAR991R",
      "supplier_sku": "ZCAR991R",
      "name": "CARROT CELLO 1 LB ORG",
      "category": "Produce/Vegetables/Root Vegetables",
      "brand": "Baldor",
      "supplier_id": "BALD001",
      "supplier_name": "Baldor Specialty Foods",
      "unit_size": "1 LB EACH",
      "unit_type": "case",
      "wholesale_price": 2.0,
      "retail_price": 2.0,
      "retail_unit_type": "lb",
      "retail_unit_size": "1",
      "retail_pack_size": "1",
      "retail_price_per_unit": 2.0,
      "retail_display": "$2.00/lb",
      "is_organic": true,
      "is_gluten_free": true,
      "is_vegan": true,
      "is_kosher": false,
      "is_non_gmo": false,
      "is_local": false,
      "is_imported": false,
      "search_terms": [
        "root vegetables",
        "cello",
        "vegetables",
        "produce",
        "org",
        "carrot"
      ],
      "upc": null,
      "processed_at": "2025-06-25T12:36:12.974317"
    },
    {
      "sku": "BALDOR_ZPE",
      "supplier_sku": "ZPE",
      "name": "PEPPER RED 11 LB ORG",
      "category": "Produce/Vegetables/Peppers",
      "brand": "Baldor",
      "supplier_id": "BALD001",
      "supplier_name": "Baldor Specialty Foods",
      "unit_size": "11 LB CTN",
      "unit_type": "case",
      "wholesale_price": 46.25,
      "retail_price": 46.25,
      "retail_unit_type": "lb",
      "retail_unit_size": "1",
      "retail_pack_size": "1",
      "retail_price_per_unit": 4.2,
      "retail_display": "$4.20/lb",
      "is_organic": true,
      "is_gluten_free": true,
      "is_vegan": true,
      "is_kosher": false,
      "is_non_gmo": false,
      "is_local": false,
      "is_imported": false,
      "search_terms": [
        "pepper",
        "vegetables",
        "red",
        "produce",
        "org",
        "peppers"
      ],
      "upc": null,
      "processed_at": "2025-06-25T12:36:12.974323"
    },
    {
      "sku": "BALDOR_ZCAR992",
      "supplier_sku": "ZCAR992",
      "name": "CARROT CELLO 24X2 LB ORG",
      "category": "Produce/Vegetables/Root Vegetables",
      "brand": "Baldor",
      "supplier_id": "BALD001",
      "supplier_name": "Baldor Specialty Foods",
      "unit_size": "2 LB CTN",
      "unit_type": "case",
      "wholesale_price": 53.75,
      "retail_price": 53.75,
      "retail_unit_type": "lb",
      "retail_unit_size": "1",
      "retail_pack_size": "1",
      "retail_price_per_unit": 26.88,
      "retail_display": "$26.88/lb",
      "is_organic": true,
      "is_gluten_free": true,
      "is_vegan": true,
      "is_kosher": false,
      "is_non_gmo": false,
      "is_local": false,
      "is_imported": false,
      "search_terms": [
        "root vegetables",
        "cello",
        "vegetables",
        "24x2",
        "produce",
        "org",
        "carrot"
      ],
      "upc": null,
      "processed_at": "2025-06-25T12:36:12.974330"
    },
    {
      "sku": "BALDOR_ZPE3",
      "supplier_sku": "ZPE3",
      "name": "PEPPER YELLOW 11 LB ORG",
      "category": "Produce/Vegetables/Peppers",
      "brand": "Baldor",
      "supplier_id": "BALD001",
      "supplier_name": "Baldor Specialty Foods",
      "unit_size": "11 LB CTN",
      "unit_type": "case",
      "wholesale_price": 46.25,
      "retail_price": 46.25,
      "retail_unit_type": "lb",
      "retail_unit_size": "1",
      "retail_pack_size": "1",
      "retail_price_per_unit": 4.2,
      "retail_display": "$4.20/lb",
      "is_organic": true,
      "is_gluten_free": true,
      "is_vegan": true,
      "is_kosher": false,
      "is_non_gmo": false,
      "is_local": false,
      "is_imported": false,
      "search_terms": [
        "pepper",
        "vegetables",
        "produce",
        "org",
        "peppers",
        "yellow"
      ],
      "upc": null,
      "processed_at": "2025-06-25T12:36:12.974336"
    },
    {
      "sku": "BALDOR_ZPE6",
      "supplier_sku": "ZPE6",
      "name": "PEPPER GREEN 25 LB ORG",
      "category": "Produce/Vegetables/Peppers",
      "brand": "Baldor",
      "supplier_id": "BALD001",
      "supplier_name": "Baldor Specialty Foods",
      "unit_size": "25 LB CTN",
      "unit_type": "case",
      "wholesale_price": 49.5,
      "retail_price": 49.5,
      "retail_unit_type": "lb",
      "retail_unit_size": "1",
      "retail_pack_size": "1",
      "retail_price_per_unit": 1.98,
      "retail_display": "$1.98/lb",
      "is_organic": true,
      "is_gluten_free": true,
      "is_vegan": true,
      "is_kosher": false,
      "is_non_gmo": false,
      "is_local": false,
      "is_imported": false,
      "search_terms": [
        "pepper",
        "vegetables",
        "produce",
        "green",
        "org",
        "peppers"
      ],
      "upc": null,
      "processed_at": "2025-06-25T12:36:12.974343"
    },
    {
      "sku": "BALDOR_ZPE7",
      "supplier_sku": "ZPE7",
      "name": "PEPPER ORANGE 11 LB ORG",
      "category": "Produce/Vegetables/Peppers",
      "brand": "Baldor",
      "supplier_id": "BALD001",
      "supplier_name": "Baldor Specialty Foods",
      "unit_size": "11 LB CTN",
      "unit_type": "case",
      "wholesale_price": 46.25,
      "retail_price": 46.25,
      "retail_unit_type": "lb",
      "retail_unit_size": "1",
      "retail_pack_size": "1",
      "retail_price_per_unit": 4.2,
      "retail_display": "$4.20/lb",
      "is_organic": true,
      "is_gluten_free": true,
      "is_vegan": true,
      "is_kosher": false,
      "is_non_gmo": false,
      "is_local": false,
      "is_imported": false,
      "search_terms": [
        "pepper",
        "vegetables",
        "produce",
        "org",
        "orange",
        "peppers"
      ],
      "upc": null,
      "processed_at": "2025-06-25T12:36:12.974349"
    },
    {
      "sku": "BALDOR_ZCE",
      "supplier_sku": "ZCE",
      "name": "CELERY SLEEVED 30 CT ORG",
      "category": "Produce/Other",
      "brand": "Baldor",
      "supplier_id": "BALD001",
      "supplier_name": "Baldor Specialty Foods",
      "unit_size": "30 CT CTN",
      "unit_type": "case",
      "wholesale_price": 45.25,
      "retail_price": 45.25,
      "retail_unit_type": "each",
      "retail_unit_size": "1",
      "retail_pack_size": "1",
      "retail_price_per_unit": 1.51,
      "retail_display": "$1.51/each",
      "is_organic": true,
      "is_gluten_free": true,
      "is_vegan": true,
      "is_kosher": false,
      "is_non_gmo": false,
      "is_local": false,
      "is_imported": false,
      "search_terms": [
        "sleeved",
        "other",
        "celery",
        "produce",
        "org"
      ],
      "upc": null,
      "processed_at": "2025-06-25T12:36:12.974358"
    },
    {
      "sku": "BALDOR_ZPE9",
      "supplier_sku": "ZPE9",
      "name": "PEPPER SWEET MEDLEY 12X1 LB ORG",
      "category": "Produce/Vegetables/Peppers",
      "brand": "Baldor",
      "supplier_id": "BALD001",
      "supplier_name": "Baldor Specialty Foods",
      "unit_size": "16 OZ CTN",
      "unit_type": "case",
      "wholesale_price": 40.75,
      "retail_price": 40.75,
      "retail_unit_type": "oz",
      "retail_unit_size": "1",
      "retail_pack_size": "1",
      "retail_price_per_unit": 2.55,
      "retail_display": "$2.55/oz",
      "is_organic": true,
      "is_gluten_free": true,
      "is_vegan": true,
      "is_kosher": false,
      "is_non_gmo": false,
      "is_local": false,
      "is_imported": false,
      "search_terms": [
        "pepper",
        "vegetables",
        "produce",
        "medley",
        "12x1",
        "org",
        "sweet",
        "peppers"
      ],
      "upc": null,
      "processed_at": "2025-06-25T12:36:12.974365"
    },
    {
      "sku": "BALDOR_ZCE6",
      "supplier_sku": "ZCE6",
      "name": "CELERY HEARTS 18X2 CT ORG",
      "category": "Produce/Other",
      "brand": "Baldor",
      "supplier_id": "BALD001",
      "supplier_name": "Baldor Specialty Foods",
      "unit_size": "2 CT CTN",
      "unit_type": "case",
      "wholesale_price": 38.5,
      "retail_price": 38.5,
      "retail_unit_type": "each",
      "retail_unit_size": "1",
      "retail_pack_size": "1",
      "retail_price_per_unit": 19.25,
      "retail_display": "$19.25/each",
      "is_organic": true,
      "is_gluten_free": true,
      "is_vegan": true,
      "is_kosher": false,
      "is_non_gmo": false,
      "is_local": false,
      "is_imported": false,
      "search_terms": [
        "18x2",
        "other",
        "celery",
        "produce",
        "org",
        "hearts"
      ],
      "upc": null,
      "processed_at": "2025-06-25T12:36:12.974373"
    },
    {
      "sku": "BALDOR_ZPE9P",
      "supplier_sku": "ZPE9P",
      "name": "PEPPER MINI SWEET 12X8 OZ PERO ORG",
      "category": "Produce/Vegetables/Peppers",
      "brand": "Baldor",
      "supplier_id": "BALD001",
      "supplier_name": "Baldor Specialty Foods",
      "unit_size": "8 OZ CTN",
      "unit_type": "case",
      "wholesale_price": 43.5,
      "retail_price": 43.5,
      "retail_unit_type": "oz",
      "retail_unit_size": "1",
      "retail_pack_size": "1",
      "retail_price_per_unit": 5.44,
      "retail_display": "$5.44/oz",
      "is_organic": true,
      "is_gluten_free": true,
      "is_vegan": true,
      "is_kosher": false,
      "is_non_gmo": false,
      "is_local": false,
      "is_imported": false,
      "search_terms": [
        "pepper",
        "pero",
        "vegetables",
        "12x8",
        "produce",
        "org",
        "mini",
        "sweet",
        "peppers"
      ],
      "upc": null,
      "processed_at": "2025-06-25T12:36:12.974381"
    },
    {
      "sku": "BALDOR_ZPEEA03",
      "supplier_sku": "ZPEEA03",
      "name": "PEPPER RED ORANGE 2 PK 6X10 OZ E&A ORG",
      "category": "Produce/Vegetables/Peppers",
      "brand": "Baldor",
      "supplier_id": "BALD001",
      "supplier_name": "Baldor Specialty Foods",
      "unit_size": "10 OZ CTN",
      "unit_type": "case",
      "wholesale_price": 71.0,
      "retail_price": 71.0,
      "retail_unit_type": "oz",
      "retail_unit_size": "1",
      "retail_pack_size": "1",
      "retail_price_per_unit": 7.1,
      "retail_display": "$7.10/oz",
      "is_organic": true,
      "is_gluten_free": true,
      "is_vegan": true,
      "is_kosher": false,
      "is_non_gmo": false,
      "is_local": false,
      "is_imported": false,
      "search_terms": [
        "6x10",
        "pepper",
        "vegetables",
        "red",
        "produce",
        "org",
        "orange",
        "peppers",
        "e&a"
      ],
      "upc": null,
      "processed_at": "2025-06-25T12:36:12.974390"
    },
    {
      "sku": "BALDOR_ZDAN2",
      "supplier_sku": "ZDAN2",
      "name": "DANDELION RED 24 CT ORG",
      "category": "Produce/Other",
      "brand": "Baldor",
      "supplier_id": "BALD001",
      "supplier_name": "Baldor Specialty Foods",
      "unit_size": "24 CT CTN",
      "unit_type": "case",
      "wholesale_price": 46.75,
      "retail_price": 46.75,
      "retail_unit_type": "each",
      "retail_unit_size": "1",
      "retail_pack_size": "1",
      "retail_price_per_unit": 1.95,
      "retail_display": "$1.95/each",
      "is_organic": true,
      "is_gluten_free": true,
      "is_vegan": true,
      "is_kosher": false,
      "is_non_gmo": false,
      "is_local": false,
      "is_imported": false,
      "search_terms": [
        "dandelion",
        "other",
        "red",
        "produce",
        "org"
      ],
      "upc": null,
      "processed_at": "2025-06-25T12:36:12.974398"
    },
    {
      "sku": "BALDOR_ZPEEA04",
      "supplier_sku": "ZPEEA04",
      "name": "PEPPER RED 2 PK 6X10 OZ E&A ORG",
      "category": "Produce/Vegetables/Peppers",
      "brand": "Baldor",
      "supplier_id": "BALD001",
      "supplier_name": "Baldor Specialty Foods",
      "unit_size": "10 OZ CTN",
      "unit_type": "case",
      "wholesale_price": 75.0,
      "retail_price": 75.0,
      "retail_unit_type": "oz",
      "retail_unit_size": "1",
      "retail_pack_size": "1",
      "retail_price_per_unit": 7.5,
      "retail_display": "$7.50/oz",
      "is_organic": true,
      "is_gluten_free": true,
      "is_vegan": true,
      "is_kosher": false,
      "is_non_gmo": false,
      "is_local": false,
      "is_imported": false,
      "search_terms": [
        "6x10",
        "pepper",
        "vegetables",
        "red",
        "produce",
        "org",
        "peppers",
        "e&a"
      ],
      "upc": null,
      "processed_at": "2025-06-25T12:36:12.974405"
    },
    {
      "sku": "BALDOR_ZPEEA05",
      "supplier_sku": "ZPEEA05",
      "name": "PEPPER RED YELLOW 2 PK 6X10 OZ E&A ORG",
      "category": "Produce/Vegetables/Peppers",
      "brand": "Baldor",
      "supplier_id": "BALD001",
      "supplier_name": "Baldor Specialty Foods",
      "unit_size": "10 OZ CTN",
      "unit_type": "case",
      "wholesale_price": 75.0,
      "retail_price": 75.0,
      "retail_unit_type": "oz",
      "retail_unit_size": "1",
      "retail_pack_size": "1",
      "retail_price_per_unit": 7.5,
      "retail_display": "$7.50/oz",
      "is_organic": true,
      "is_gluten_free": true,
      "is_vegan": true,
      "is_kosher": false,
      "is_non_gmo": false,
      "is_local": false,
      "is_imported": false,
      "search_terms": [
        "6x10",
        "pepper",
        "vegetables",
        "red",
        "produce",
        "yellow",
        "org",
        "peppers",
        "e&a"
      ],
      "upc": null,
      "processed_at": "2025-06-25T12:36:12.974413"
    },
    {
      "sku": "BALDOR_ZGR32",
      "supplier_sku": "ZGR32",
      "name": "GRAPEFRUIT 32 CT ORG",
      "category": "Produce/Fruit/Grapes",
      "brand": "Baldor",
      "supplier_id": "BALD001",
      "supplier_name": "Baldor Specialty Foods",
      "unit_size": "32 CT CTN",
      "unit_type": "case",
      "wholesale_price": 55.75,
      "retail_price": 55.75,
      "retail_unit_type": "each",
      "retail_unit_size": "1",
      "retail_pack_size": "1",
      "retail_price_per_unit": 1.74,
      "retail_display": "$1.74/each",
      "is_organic": true,
      "is_gluten_free": true,
      "is_vegan": true,
      "is_kosher": false,
      "is_non_gmo": false,
      "is_local": false,
      "is_imported": false,
      "search_terms": [
        "fruit",
        "produce",
        "org",
        "grapes",
        "grapefruit"
      ],
      "upc": null,
      "processed_at": "2025-06-25T12:36:12.974421"
    },
    {
      "sku": "BALDOR_ZPI2",
      "supplier_sku": "ZPI2",
      "name": "PINEAPPLES 7 CT ORG",
      "category": "Produce/Fruit/Apples",
      "brand": "Baldor",
      "supplier_id": "BALD001",
      "supplier_name": "Baldor Specialty Foods",
      "unit_size": "7 CT CTN",
      "unit_type": "case",
      "wholesale_price": 34.75,
      "retail_price": 34.75,
      "retail_unit_type": "each",
      "retail_unit_size": "1",
      "retail_pack_size": "1",
      "retail_price_per_unit": 4.96,
      "retail_display": "$4.96/each",
      "is_organic": true,
      "is_gluten_free": true,
      "is_vegan": true,
      "is_kosher": false,
      "is_non_gmo": false,
      "is_local": false,
      "is_imported": false,
      "search_terms": [
        "fruit",
        "apples",
        "produce",
        "org",
        "pineapples"
      ],
      "upc": null,
      "processed_at": "2025-06-25T12:36:12.974429"
    },
    {
      "sku": "BALDOR_ZGR4A",
      "supplier_sku": "ZGR4A",
      "name": "GRAPEFRUIT FCY 40 CT ORG",
      "category": "Produce/Fruit/Grapes",
      "brand": "Baldor",
      "supplier_id": "BALD001",
      "supplier_name": "Baldor Specialty Foods",
      "unit_size": "40 CT CTN",
      "unit_type": "case",
      "wholesale_price": 55.75,
      "retail_price": 55.75,
      "retail_unit_type": "each",
      "retail_unit_size": "1",
      "retail_pack_size": "1",
      "retail_price_per_unit": 1.39,
      "retail_display": "$1.39/each",
      "is_organic": true,
      "is_gluten_free": true,
      "is_vegan": true,
      "is_kosher": false,
      "is_non_gmo": false,
      "is_local": false,
      "is_imported": false,
      "search_terms": [
        "fruit",
        "produce",
        "org",
        "fcy",
        "grapes",
        "grapefruit"
      ],
      "upc": null,
      "processed_at": "2025-06-25T12:36:12.974437"
    },
    {
      "sku": "BALDOR_ZL",
      "supplier_sku": "ZL",
      "name": "LEMONS 18X2 LB ORG",
      "category": "Produce/Fruit/Citrus",
      "brand": "Baldor",
      "supplier_id": "BALD001",
      "supplier_name": "Baldor Specialty Foods",
      "unit_size": "2 LB CTN",
      "unit_type": "case",
      "wholesale_price": 58.5,
      "retail_price": 58.5,
      "retail_unit_type": "lb",
      "retail_unit_size": "1",
      "retail_pack_size": "1",
      "retail_price_per_unit": 29.25,
      "retail_display": "$29.25/lb",
      "is_organic": true,
      "is_gluten_free": true,
      "is_vegan": true,
      "is_kosher": false,
      "is_non_gmo": false,
      "is_local": false,
      "is_imported": false,
      "search_terms": [
        "citrus",
        "18x2",
        "fruit",
        "lemons",
        "produce",
        "org"
      ],
      "upc": null,
      "processed_at": "2025-06-25T12:36:12.974444"
    },
    {
      "sku": "BALDOR_ZL10",
      "supplier_sku": "ZL10",
      "name": "LEMONS 115 CT FANCY ORG",
      "category": "Produce/Fruit/Citrus",
      "brand": "Baldor",
      "supplier_id": "BALD001",
      "supplier_name": "Baldor Specialty Foods",
      "unit_size": "115 CT CTN",
      "unit_type": "case",
      "wholesale_price": 63.0,
      "retail_price": 63.0,
      "retail_unit_type": "each",
      "retail_unit_size": "1",
      "retail_pack_size": "1",
      "retail_price_per_unit": 0.55,
      "retail_display": "$0.55/each",
      "is_organic": true,
      "is_gluten_free": true,
      "is_vegan": true,
      "is_kosher": false,
      "is_non_gmo": false,
      "is_local": false,
      "is_imported": false,
      "search_terms": [
        "citrus",
        "115",
        "fruit",
        "fancy",
        "lemons",
        "produce",
        "org"
      ],
      "upc": null,
      "processed_at": "2025-06-25T12:36:12.974452"
    },
    {
      "sku": "BALDOR_ZFI2B",
      "supplier_sku": "ZFI2B",
      "name": "YAMS GARNET BABY 10 LB ORG",
      "category": "Produce/Other",
      "brand": "Baldor",
      "supplier_id": "BALD001",
      "supplier_name": "Baldor Specialty Foods",
      "unit_size": "10 LB CTN",
      "unit_type": "case",
      "wholesale_price": 22.25,
      "retail_price": 22.25,
      "retail_unit_type": "lb",
      "retail_unit_size": "1",
      "retail_pack_size": "1",
      "retail_price_per_unit": 2.23,
      "retail_display": "$2.23/lb",
      "is_organic": true,
      "is_gluten_free": true,
      "is_vegan": true,
      "is_kosher": false,
      "is_non_gmo": false,
      "is_local": false,
      "is_imported": false,
      "search_terms": [
        "yams",
        "baby",
        "garnet",
        "other",
        "produce",
        "org"
      ],
      "upc": null,
      "processed_at": "2025-06-25T12:36:12.974460"
    },
    {
      "sku": "BALDOR_ZL1EA",
      "supplier_sku": "ZL1EA",
      "name": "LEMONS 2 LB ORG",
      "category": "Produce/Fruit/Citrus",
      "brand": "Baldor",
      "supplier_id": "BALD001",
      "supplier_name": "Baldor Specialty Foods",
      "unit_size": "2 LB EACH",
      "unit_type": "case",
      "wholesale_price": 4.0,
      "retail_price": 4.0,
      "retail_unit_type": "lb",
      "retail_unit_size": "1",
      "retail_pack_size": "1",
      "retail_price_per_unit": 2.0,
      "retail_display": "$2.00/lb",
      "is_organic": true,
      "is_gluten_free": true,
      "is_vegan": true,
      "is_kosher": false,
      "is_non_gmo": false,
      "is_local": false,
      "is_imported": false,
      "search_terms": [
        "citrus",
        "fruit",
        "lemons",
        "produce",
        "org"
      ],
      "upc": null,
      "processed_at": "2025-06-25T12:36:12.974467"
    },
    {
      "sku": "BALDOR_ZPOT2",
      "supplier_sku": "ZPOT2",
      "name": "POTATO RUSSET 80 CT ORG",
      "category": "Produce/Vegetables/Potatoes",
      "brand": "Baldor",
      "supplier_id": "BALD001",
      "supplier_name": "Baldor Specialty Foods",
      "unit_size": "80 CT CTN",
      "unit_type": "case",
      "wholesale_price": 54.0,
      "retail_price": 54.0,
      "retail_unit_type": "each",
      "retail_unit_size": "1",
      "retail_pack_size": "1",
      "retail_price_per_unit": 0.68,
      "retail_display": "$0.68/each",
      "is_organic": true,
      "is_gluten_free": true,
      "is_vegan": true,
      "is_kosher": false,
      "is_non_gmo": false,
      "is_local": false,
      "is_imported": false,
      "search_terms": [
        "potato",
        "vegetables",
        "produce",
        "potatoes",
        "org",
        "russet"
      ],
      "upc": null,
      "processed_at": "2025-06-25T12:36:12.974476"
    },
    {
      "sku": "BALDOR_ZL40",
      "supplier_sku": "ZL40",
      "name": "LEMONS 95 CT FANCY ORG",
      "category": "Produce/Fruit/Citrus",
      "brand": "Baldor",
      "supplier_id": "BALD001",
      "supplier_name": "Baldor Specialty Foods",
      "unit_size": "95 CT CTN",
      "unit_type": "case",
      "wholesale_price": 57.75,
      "retail_price": 57.75,
      "retail_unit_type": "each",
      "retail_unit_size": "1",
      "retail_pack_size": "1",
      "retail_price_per_unit": 0.61,
      "retail_display": "$0.61/each",
      "is_organic": true,
      "is_gluten_free": true,
      "is_vegan": true,
      "is_kosher": false,
      "is_non_gmo": false,
      "is_local": false,
      "is_imported": false,
      "search_terms": [
        "citrus",
        "fruit",
        "fancy",
        "lemons",
        "produce",
        "org"
      ],
      "upc": null,
      "processed_at": "2025-06-25T12:36:12.974484"
    },
    {
      "sku": "BALDOR_ZPOT8A",
      "supplier_sku": "ZPOT8A",
      "name": "POTATO RED A 50 LB ORG",
      "category": "Produce/Vegetables/Potatoes",
      "brand": "Baldor",
      "supplier_id": "BALD001",
      "supplier_name": "Baldor Specialty Foods",
      "unit_size": "50 LB CTN",
      "unit_type": "case",
      "wholesale_price": 62.0,
      "retail_price": 62.0,
      "retail_unit_type": "lb",
      "retail_unit_size": "1",
      "retail_pack_size": "1",
      "retail_price_per_unit": 1.24,
      "retail_display": "$1.24/lb",
      "is_organic": true,
      "is_gluten_free": true,
      "is_vegan": true,
      "is_kosher": false,
      "is_non_gmo": false,
      "is_local": false,
      "is_imported": false,
      "search_terms": [
        "potato",
        "vegetables",
        "red",
        "produce",
        "potatoes",
        "org"
      ],
      "upc": null,
      "processed_at": "2025-06-25T12:36:12.974494"
    },
    {
      "sku": "BALDOR_ZLI",
      "supplier_sku": "ZLI",
      "name": "LIMES 40 LB ORG",
      "category": "Produce/Fruit/Citrus",
      "brand": "Baldor",
      "supplier_id": "BALD001",
      "supplier_name": "Baldor Specialty Foods",
      "unit_size": "40 LB CTN",
      "unit_type": "case",
      "wholesale_price": 78.5,
      "retail_price": 78.5,
      "retail_unit_type": "lb",
      "retail_unit_size": "1",
      "retail_pack_size": "1",
      "retail_price_per_unit": 1.96,
      "retail_display": "$1.96/lb",
      "is_organic": true,
      "is_gluten_free": true,
      "is_vegan": true,
      "is_kosher": false,
      "is_non_gmo": false,
      "is_local": false,
      "is_imported": false,
      "search_terms": [
        "limes",
        "citrus",
        "fruit",
        "produce",
        "org"
      ],
      "upc": null,
      "processed_at": "2025-06-25T12:36:12.974501"
    },
    {
      "sku": "BALDOR_ZPOT8F",
      "supplier_sku": "ZPOT8F",
      "name": "POTATO SWEET PURPLE 15 LB ORG",
      "category": "Produce/Vegetables/Potatoes",
      "brand": "Baldor",
      "supplier_id": "BALD001",
      "supplier_name": "Baldor Specialty Foods",
      "unit_size": "15 LB CTN",
      "unit_type": "case",
      "wholesale_price": 54.0,
      "retail_price": 54.0,
      "retail_unit_type": "lb",
      "retail_unit_size": "1",
      "retail_pack_size": "1",
      "retail_price_per_unit": 3.6,
      "retail_display": "$3.60/lb",
      "is_organic": true,
      "is_gluten_free": true,
      "is_vegan": true,
      "is_kosher": false,
      "is_non_gmo": false,
      "is_local": false,
      "is_imported": false,
      "search_terms": [
        "potato",
        "vegetables",
        "produce",
        "potatoes",
        "org",
        "sweet",
        "purple"
      ],
      "upc": null,
      "processed_at": "2025-06-25T12:36:12.974508"
    },
    {
      "sku": "BALDOR_ZOR",
      "supplier_sku": "ZOR",
      "name": "ORGANIC NAVEL ORANGES 56 CT",
      "category": "Produce/Fruit/Citrus",
      "brand": "Baldor",
      "supplier_id": "BALD001",
      "supplier_name": "Baldor Specialty Foods",
      "unit_size": "56 CT CTN",
      "unit_type": "case",
      "wholesale_price": 50.75,
      "retail_price": 50.75,
      "retail_unit_type": "each",
      "retail_unit_size": "1",
      "retail_pack_size": "1",
      "retail_price_per_unit": 0.91,
      "retail_display": "$0.91/each",
      "is_organic": true,
      "is_gluten_free": true,
      "is_vegan": true,
      "is_kosher": false,
      "is_non_gmo": false,
      "is_local": false,
      "is_imported": false,
      "search_terms": [
        "citrus",
        "fruit",
        "navel",
        "produce",
        "oranges",
        "organic"
      ],
      "upc": null,
      "processed_at": "2025-06-25T12:36:12.974516"
    },
    {
      "sku": "BALDOR_ZPOT9",
      "supplier_sku": "ZPOT9",
      "name": "YAMS GARNET #1 40 LB ORG",
      "category": "Produce/Other",
      "brand": "Baldor",
      "supplier_id": "BALD001",
      "supplier_name": "Baldor Specialty Foods",
      "unit_size": "40 LB CTN",
      "unit_type": "case",
      "wholesale_price": 62.25,
      "retail_price": 62.25,
      "retail_unit_type": "lb",
      "retail_unit_size": "1",
      "retail_pack_size": "1",
      "retail_price_per_unit": 1.56,
      "retail_display": "$1.56/lb",
      "is_organic": true,
      "is_gluten_free": true,
      "is_vegan": true,
      "is_kosher": false,
      "is_non_gmo": false,
      "is_local": false,
      "is_imported": false,
      "search_terms": [
        "yams",
        "garnet",
        "other",
        "produce",
        "org"
      ],
      "upc": null,
      "processed_at": "2025-06-25T12:36:12.974523"
    },
    {
      "sku": "BALDOR_ZLI1",
      "supplier_sku": "ZLI1",
      "name": "LIMES 10 LB ORG",
      "category": "Produce/Fruit/Citrus",
      "brand": "Baldor",
      "supplier_id": "BALD001",
      "supplier_name": "Baldor Specialty Foods",
      "unit_size": "10 LB CTN",
      "unit_type": "case",
      "wholesale_price": 27.25,
      "retail_price": 27.25,
      "retail_unit_type": "lb",
      "retail_unit_size": "1",
      "retail_pack_size": "1",
      "retail_price_per_unit": 2.73,
      "retail_display": "$2.73/lb",
      "is_organic": true,
      "is_gluten_free": true,
      "is_vegan": true,
      "is_kosher": false,
      "is_non_gmo": false,
      "is_local": false,
      "is_imported": false,
      "search_terms": [
        "limes",
        "citrus",
        "fruit",
        "produce",
        "org"
      ],
      "upc": null,
      "processed_at": "2025-06-25T12:36:12.974530"
    },
    {
      "sku": "BALDOR_ZPOT90",
      "supplier_sku": "ZPOT90",
      "name": "YAMS JEWEL 40 LB ORG",
      "category": "Produce/Other",
      "brand": "Baldor",
      "supplier_id": "BALD001",
      "supplier_name": "Baldor Specialty Foods",
      "unit_size": "40 LB CTN",
      "unit_type": "case",
      "wholesale_price": 62.0,
      "retail_price": 62.0,
      "retail_unit_type": "lb",
      "retail_unit_size": "1",
      "retail_pack_size": "1",
      "retail_price_per_unit": 1.55,
      "retail_display": "$1.55/lb",
      "is_organic": true,
      "is_gluten_free": true,
      "is_vegan": true,
      "is_kosher": false,
      "is_non_gmo": false,
      "is_local": false,
      "is_imported": false,
      "search_terms": [
        "yams",
        "other",
        "jewel",
        "produce",
        "org"
      ],
      "upc": null,
      "processed_at": "2025-06-25T12:36:12.974537"
    },
    {
      "sku": "BALDOR_ZOR50",
      "supplier_sku": "ZOR50",
      "name": "ORANGES VALENCIA 113 CT ORG",
      "category": "Produce/Fruit/Citrus",
      "brand": "Baldor",
      "supplier_id": "BALD001",
      "supplier_name": "Baldor Specialty Foods",
      "unit_size": "113 CT CTN",
      "unit_type": "case",
      "wholesale_price": 46.0,
      "retail_price": 46.0,
      "retail_unit_type": "each",
      "retail_unit_size": "1",
      "retail_pack_size": "1",
      "retail_price_per_unit": 0.41,
      "retail_display": "$0.41/each",
      "is_organic": true,
      "is_gluten_free": true,
      "is_vegan": true,
      "is_kosher": false,
      "is_non_gmo": false,
      "is_local": false,
      "is_imported": false,
      "search_terms": [
        "citrus",
        "fruit",
        "113",
        "produce",
        "oranges",
        "org",
        "valencia"
      ],
      "upc": null,
      "processed_at": "2025-06-25T12:36:12.974545"
    },
    {
      "sku": "BALDOR_ZPOT90A",
      "supplier_sku": "ZPOT90A",
      "name": "YAMS ORIENTAL 40 LB ORG",
      "category": "Produce/Other",
      "brand": "Baldor",
      "supplier_id": "BALD001",
      "supplier_name": "Baldor Specialty Foods",
      "unit_size": "40 LB CTN",
      "unit_type": "case",
      "wholesale_price": 80.5,
      "retail_price": 80.5,
      "retail_unit_type": "lb",
      "retail_unit_size": "1",
      "retail_pack_size": "1",
      "retail_price_per_unit": 2.01,
      "retail_display": "$2.01/lb",
      "is_organic": true,
      "is_gluten_free": true,
      "is_vegan": true,
      "is_kosher": false,
      "is_non_gmo": false,
      "is_local": false,
      "is_imported": false,
      "search_terms": [
        "oriental",
        "yams",
        "other",
        "produce",
        "org"
      ],
      "upc": null,
      "processed_at": "2025-06-25T12:36:12.974553"
    },
    {
      "sku": "BALDOR_ZPOT90C",
      "supplier_sku": "ZPOT90C",
      "name": "POTATO SWEET WHITE NO 1 HANNAH SWEET 40 LB ORG",
      "category": "Produce/Vegetables/Potatoes",
      "brand": "Baldor",
      "supplier_id": "BALD001",
      "supplier_name": "Baldor Specialty Foods",
      "unit_size": "40 LB CTN",
      "unit_type": "case",
      "wholesale_price": 79.25,
      "retail_price": 79.25,
      "retail_unit_type": "lb",
      "retail_unit_size": "1",
      "retail_pack_size": "1",
      "retail_price_per_unit": 1.98,
      "retail_display": "$1.98/lb",
      "is_organic": true,
      "is_gluten_free": true,
      "is_vegan": true,
      "is_kosher": false,
      "is_non_gmo": false,
      "is_local": false,
      "is_imported": false,
      "search_terms": [
        "potato",
        "white",
        "vegetables",
        "hannah",
        "produce",
        "potatoes",
        "org",
        "sweet"
      ],
      "upc": null,
      "processed_at": "2025-06-25T12:36:12.974560"
    },
    {
      "sku": "BALDOR_ZCU",
      "supplier_sku": "ZCU",
      "name": "CUCUMBERS 1/2 BSH ORG",
      "category": "Produce/Other",
      "brand": "Baldor",
      "supplier_id": "BALD001",
      "supplier_name": "Baldor Specialty Foods",
      "unit_size": "1/2 BSH CTN",
      "unit_type": "case",
      "wholesale_price": 29.75,
      "retail_price": 29.75,
      "retail_unit_type": "case",
      "retail_unit_size": "1/2 BSH CTN",
      "retail_pack_size": "1",
      "retail_price_per_unit": 29.75,
      "retail_display": "$29.75/case",
      "is_organic": true,
      "is_gluten_free": true,
      "is_vegan": true,
      "is_kosher": false,
      "is_non_gmo": false,
      "is_local": false,
      "is_imported": false,
      "search_terms": [
        "cucumbers",
        "bsh",
        "other",
        "produce",
        "org"
      ],
      "upc": null,
      "processed_at": "2025-06-25T12:36:12.974570"
    },
    {
      "sku": "BALDOR_ZPOT90RT",
      "supplier_sku": "ZPOT90RT",
      "name": "YAMS JEWEL 20 LB ORG",
      "category": "Produce/Other",
      "brand": "Baldor",
      "supplier_id": "BALD001",
      "supplier_name": "Baldor Specialty Foods",
      "unit_size": "20 LB CTN",
      "unit_type": "case",
      "wholesale_price": 48.5,
      "retail_price": 48.5,
      "retail_unit_type": "lb",
      "retail_unit_size": "1",
      "retail_pack_size": "1",
      "retail_price_per_unit": 2.42,
      "retail_display": "$2.42/lb",
      "is_organic": true,
      "is_gluten_free": true,
      "is_vegan": true,
      "is_kosher": false,
      "is_non_gmo": false,
      "is_local": false,
      "is_imported": false,
      "search_terms": [
        "yams",
        "other",
        "jewel",
        "produce",
        "org"
      ],
      "upc": null,
      "processed_at": "2025-06-25T12:36:12.974577"
    },
    {
      "sku": "BALDOR_ZCU2A",
      "supplier_sku": "ZCU2A",
      "name": "CUCUMBERS PERSIAN 12X1 LB ORG",
      "category": "Produce/Other",
      "brand": "Baldor",
      "supplier_id": "BALD001",
      "supplier_name": "Baldor Specialty Foods",
      "unit_size": "16 OZ CTN",
      "unit_type": "case",
      "wholesale_price": 41.75,
      "retail_price": 41.75,
      "retail_unit_type": "oz",
      "retail_unit_size": "1",
      "retail_pack_size": "1",
      "retail_price_per_unit": 2.61,
      "retail_display": "$2.61/oz",
      "is_organic": true,
      "is_gluten_free": true,
      "is_vegan": true,
      "is_kosher": false,
      "is_non_gmo": false,
      "is_local": false,
      "is_imported": false,
      "search_terms": [
        "cucumbers",
        "persian",
        "other",
        "produce",
        "org",
        "12x1"
      ],
      "upc": null,
      "processed_at": "2025-06-25T12:36:12.974586"
    },
    {
      "sku": "BALDOR_ZPOT93",
      "supplier_sku": "ZPOT93",
      "name": "POTATO YUKON A 50 LB ORG",
      "category": "Produce/Vegetables/Potatoes",
      "brand": "Baldor",
      "supplier_id": "BALD001",
      "supplier_name": "Baldor Specialty Foods",
      "unit_size": "50 LB CTN",
      "unit_type": "case",
      "wholesale_price": 66.0,
      "retail_price": 66.0,
      "retail_unit_type": "lb",
      "retail_unit_size": "1",
      "retail_pack_size": "1",
      "retail_price_per_unit": 1.32,
      "retail_display": "$1.32/lb",
      "is_organic": true,
      "is_gluten_free": true,
      "is_vegan": true,
      "is_kosher": false,
      "is_non_gmo": false,
      "is_local": false,
      "is_imported": false,
      "search_terms": [
        "potato",
        "vegetables",
        "yukon",
        "produce",
        "potatoes",
        "org"
      ],
      "upc": null,
      "processed_at": "2025-06-25T12:36:12.974593"
    },
    {
      "sku": "BALDOR_ZCU3",
      "supplier_sku": "ZCU3",
      "name": "CUCUMBERS ENGLISH 12-14 CT ORG",
      "category": "Produce/Other",
      "brand": "Baldor",
      "supplier_id": "BALD001",
      "supplier_name": "Baldor Specialty Foods",
      "unit_size": "12/14 CT CTN",
      "unit_type": "case",
      "wholesale_price": 28.25,
      "retail_price": 28.25,
      "retail_unit_type": "each",
      "retail_unit_size": "1",
      "retail_pack_size": "1",
      "retail_price_per_unit": 2.02,
      "retail_display": "$2.02/each",
      "is_organic": true,
      "is_gluten_free": true,
      "is_vegan": true,
      "is_kosher": false,
      "is_non_gmo": false,
      "is_local": false,
      "is_imported": false,
      "search_terms": [
        "cucumbers",
        "english",
        "other",
        "produce",
        "org"
      ],
      "upc": null,
      "processed_at": "2025-06-25T12:36:12.974602"
    },
    {
      "sku": "BALDOR_ZPOT99A",
      "supplier_sku": "ZPOT99A",
      "name": "POTATO RUSSET 10X5 LB ORG",
      "category": "Produce/Vegetables/Potatoes",
      "brand": "Baldor",
      "supplier_id": "BALD001",
      "supplier_name": "Baldor Specialty Foods",
      "unit_size": "5 LB CTN",
      "unit_type": "case",
      "wholesale_price": 63.0,
      "retail_price": 63.0,
      "retail_unit_type": "lb",
      "retail_unit_size": "1",
      "retail_pack_size": "1",
      "retail_price_per_unit": 12.6,
      "retail_display": "$12.60/lb",
      "is_organic": true,
      "is_gluten_free": true,
      "is_vegan": true,
      "is_kosher": false,
      "is_non_gmo": false,
      "is_local": false,
      "is_imported": false,
      "search_terms": [
        "potato",
        "vegetables",
        "10x5",
        "produce",
        "potatoes",
        "org",
        "russet"
      ],
      "upc": null,
      "processed_at": "2025-06-25T12:36:12.974609"
    },
    {
      "sku": "BALDOR_ZCUEA01",
      "supplier_sku": "ZCUEA01",
      "name": "CUCUMBER MINI 12X12 OZ E&A ORG",
      "category": "Produce/Other",
      "brand": "Baldor",
      "supplier_id": "BALD001",
      "supplier_name": "Baldor Specialty Foods",
      "unit_size": "12 OZ CTN",
      "unit_type": "case",
      "wholesale_price": 72.75,
      "retail_price": 72.75,
      "retail_unit_type": "oz",
      "retail_unit_size": "1",
      "retail_pack_size": "1",
      "retail_price_per_unit": 6.06,
      "retail_display": "$6.06/oz",
      "is_organic": true,
      "is_gluten_free": true,
      "is_vegan": true,
      "is_kosher": false,
      "is_non_gmo": false,
      "is_local": false,
      "is_imported": false,
      "search_terms": [
        "cucumber",
        "other",
        "produce",
        "org",
        "mini",
        "e&a",
        "12x12"
      ],
      "upc": null,
      "processed_at": "2025-06-25T12:36:12.974617"
    },
    {
      "sku": "BALDOR_ZPOT99B",
      "supplier_sku": "ZPOT99B",
      "name": "POTATO RED 10X5 LB ORG",
      "category": "Produce/Vegetables/Potatoes",
      "brand": "Baldor",
      "supplier_id": "BALD001",
      "supplier_name": "Baldor Specialty Foods",
      "unit_size": "5 LB CTN",
      "unit_type": "case",
      "wholesale_price": 55.0,
      "retail_price": 55.0,
      "retail_unit_type": "lb",
      "retail_unit_size": "1",
      "retail_pack_size": "1",
      "retail_price_per_unit": 11.0,
      "retail_display": "$11.00/lb",
      "is_organic": true,
      "is_gluten_free": true,
      "is_vegan": true,
      "is_kosher": false,
      "is_non_gmo": false,
      "is_local": false,
      "is_imported": false,
      "search_terms": [
        "potato",
        "vegetables",
        "10x5",
        "red",
        "produce",
        "potatoes",
        "org"
      ],
      "upc": null,
      "processed_at": "2025-06-25T12:36:12.974624"
    },
    {
      "sku": "BALDOR_ZCUEA01B",
      "supplier_sku": "ZCUEA01B",
      "name": "CUCUMBER MINI BAG 12X12 OZ E&A ORG",
      "category": "Produce/Other",
      "brand": "Baldor",
      "supplier_id": "BALD001",
      "supplier_name": "Baldor Specialty Foods",
      "unit_size": "12 OZ CTN",
      "unit_type": "case",
      "wholesale_price": 72.25,
      "retail_price": 72.25,
      "retail_unit_type": "oz",
      "retail_unit_size": "1",
      "retail_pack_size": "1",
      "retail_price_per_unit": 6.02,
      "retail_display": "$6.02/oz",
      "is_organic": true,
      "is_gluten_free": true,
      "is_vegan": true,
      "is_kosher": false,
      "is_non_gmo": false,
      "is_local": false,
      "is_imported": false,
      "search_terms": [
        "cucumber",
        "other",
        "bag",
        "produce",
        "org",
        "mini",
        "e&a",
        "12x12"
      ],
      "upc": null,
      "processed_at": "2025-06-25T12:36:12.974632"
    },
    {
      "sku": "BALDOR_ZPOT99C",
      "supplier_sku": "ZPOT99C",
      "name": "POTATO YUKON 10X5 LB ORG",
      "category": "Produce/Vegetables/Potatoes",
      "brand": "Baldor",
      "supplier_id": "BALD001",
      "supplier_name": "Baldor Specialty Foods",
      "unit_size": "5 LB CTN",
      "unit_type": "case",
      "wholesale_price": 59.75,
      "retail_price": 59.75,
      "retail_unit_type": "lb",
      "retail_unit_size": "1",
      "retail_pack_size": "1",
      "retail_price_per_unit": 11.95,
      "retail_display": "$11.95/lb",
      "is_organic": true,
      "is_gluten_free": true,
      "is_vegan": true,
      "is_kosher": false,
      "is_non_gmo": false,
      "is_local": false,
      "is_imported": false,
      "search_terms": [
        "potato",
        "vegetables",
        "yukon",
        "10x5",
        "produce",
        "potatoes",
        "org"
      ],
      "upc": null,
      "processed_at": "2025-06-25T12:36:12.974640"
    },
    {
      "sku": "BALDOR_ZPOT9B",
      "supplier_sku": "ZPOT9B",
      "name": "YAMS GARNET JUMBO 40 LB ORG",
      "category": "Produce/Other",
      "brand": "Baldor",
      "supplier_id": "BALD001",
      "supplier_name": "Baldor Specialty Foods",
      "unit_size": "40 LB CTN",
      "unit_type": "case",
      "wholesale_price": 54.0,
      "retail_price": 54.0,
      "retail_unit_type": "lb",
      "retail_unit_size": "1",
      "retail_pack_size": "1",
      "retail_price_per_unit": 1.35,
      "retail_display": "$1.35/lb",
      "is_organic": true,
      "is_gluten_free": true,
      "is_vegan": true,
      "is_kosher": false,
      "is_non_gmo": false,
      "is_local": false,
      "is_imported": false,
      "search_terms": [
        "yams",
        "garnet",
        "other",
        "produce",
        "org",
        "jumbo"
      ],
      "upc": null,
      "processed_at": "2025-06-25T12:36:12.974648"
    },
    {
      "sku": "BALDOR_ZEGG",
      "supplier_sku": "ZEGG",
      "name": "EGGPLANT 25 LB ORG",
      "category": "Produce/Other",
      "brand": "Baldor",
      "supplier_id": "BALD001",
      "supplier_name": "Baldor Specialty Foods",
      "unit_size": "25 LB CTN",
      "unit_type": "case",
      "wholesale_price": 56.75,
      "retail_price": 56.75,
      "retail_unit_type": "lb",
      "retail_unit_size": "1",
      "retail_pack_size": "1",
      "retail_price_per_unit": 2.27,
      "retail_display": "$2.27/lb",
      "is_organic": true,
      "is_gluten_free": true,
      "is_vegan": true,
      "is_kosher": false,
      "is_non_gmo": false,
      "is_local": false,
      "is_imported": false,
      "search_terms": [
        "produce",
        "org",
        "other",
        "eggplant"
      ],
      "upc": null,
      "processed_at": "2025-06-25T12:36:12.974655"
    },
    {
      "sku": "BALDOR_ZPOT9B1R",
      "supplier_sku": "ZPOT9B1R",
      "name": "YAMS GARNET 3 LB ORG",
      "category": "Produce/Other",
      "brand": "Baldor",
      "supplier_id": "BALD001",
      "supplier_name": "Baldor Specialty Foods",
      "unit_size": "3 LB EACH",
      "unit_type": "case",
      "wholesale_price": 8.0,
      "retail_price": 8.0,
      "retail_unit_type": "lb",
      "retail_unit_size": "1",
      "retail_pack_size": "1",
      "retail_price_per_unit": 2.67,
      "retail_display": "$2.67/lb",
      "is_organic": true,
      "is_gluten_free": true,
      "is_vegan": true,
      "is_kosher": false,
      "is_non_gmo": false,
      "is_local": false,
      "is_imported": false,
      "search_terms": [
        "yams",
        "garnet",
        "other",
        "produce",
        "org"
      ],
      "upc": null,
      "processed_at": "2025-06-25T12:36:12.974662"
    },
    {
      "sku": "BALDOR_ZPOT90I",
      "supplier_sku": "ZPOT90I",
      "name": "COVINGTON SWEET POTATO",
      "category": "Produce/Vegetables/Potatoes",
      "brand": "Baldor",
      "supplier_id": "BALD001",
      "supplier_name": "Baldor Specialty Foods",
      "unit_size": "40 LB CTN",
      "unit_type": "case",
      "wholesale_price": 51.0,
      "retail_price": 51.0,
      "retail_unit_type": "lb",
      "retail_unit_size": "1",
      "retail_pack_size": "1",
      "retail_price_per_unit": 1.27,
      "retail_display": "$1.27/lb",
      "is_organic": false,
      "is_gluten_free": true,
      "is_vegan": true,
      "is_kosher": false,
      "is_non_gmo": false,
      "is_local": false,
      "is_imported": false,
      "search_terms": [
        "potato",
        "covington",
        "vegetables",
        "produce",
        "potatoes",
        "sweet"
      ],
      "upc": null,
      "processed_at": "2025-06-25T12:36:12.974668"
    },
    {
      "sku": "BALDOR_ZAN",
      "supplier_sku": "ZAN",
      "name": "FENNEL 12 CT ORG",
      "category": "Produce/Other",
      "brand": "Baldor",
      "supplier_id": "BALD001",
      "supplier_name": "Baldor Specialty Foods",
      "unit_size": "12 CT CTN",
      "unit_type": "case",
      "wholesale_price": 38.0,
      "retail_price": 38.0,
      "retail_unit_type": "each",
      "retail_unit_size": "1",
      "retail_pack_size": "1",
      "retail_price_per_unit": 3.17,
      "retail_display": "$3.17/each",
      "is_organic": true,
      "is_gluten_free": true,
      "is_vegan": true,
      "is_kosher": false,
      "is_non_gmo": false,
      "is_local": false,
      "is_imported": false,
      "search_terms": [
        "produce",
        "org",
        "other",
        "fennel"
      ],
      "upc": null,
      "processed_at": "2025-06-25T12:36:12.974676"
    },
    {
      "sku": "BALDOR_ZPOT9RT",
      "supplier_sku": "ZPOT9RT",
      "name": "YAMS GARNET #1 20 LB ORG",
      "category": "Produce/Other",
      "brand": "Baldor",
      "supplier_id": "BALD001",
      "supplier_name": "Baldor Specialty Foods",
      "unit_size": "20 LB CTN",
      "unit_type": "case",
      "wholesale_price": 39.0,
      "retail_price": 39.0,
      "retail_unit_type": "lb",
      "retail_unit_size": "1",
      "retail_pack_size": "1",
      "retail_price_per_unit": 1.95,
      "retail_display": "$1.95/lb",
      "is_organic": true,
      "is_gluten_free": true,
      "is_vegan": true,
      "is_kosher": false,
      "is_non_gmo": false,
      "is_local": false,
      "is_imported": false,
      "search_terms": [
        "yams",
        "garnet",
        "other",
        "produce",
        "org"
      ],
      "upc": null,
      "processed_at": "2025-06-25T12:36:12.974685"
    },
    {
      "sku": "BALDOR_BMA02",
      "supplier_sku": "BMA02",
      "name": "FLOWERS EDIBLE MIX 50 CT BLUE MOON ACRES ORG LCL",
      "category": "Produce/Other",
      "brand": "Baldor",
      "supplier_id": "BALD001",
      "supplier_name": "Baldor Specialty Foods",
      "unit_size": "50 CT EACH",
      "unit_type": "case",
      "wholesale_price": 17.0,
      "retail_price": 17.0,
      "retail_unit_type": "each",
      "retail_unit_size": "1",
      "retail_pack_size": "1",
      "retail_price_per_unit": 0.34,
      "retail_display": "$0.34/each",
      "is_organic": true,
      "is_gluten_free": true,
      "is_vegan": true,
      "is_kosher": false,
      "is_non_gmo": false,
      "is_local": true,
      "is_imported": false,
      "search_terms": [
        "acres",
        "blue",
        "edible",
        "other",
        "produce",
        "org",
        "moon",
        "flowers",
        "lcl",
        "mix"
      ],
      "upc": null,
      "processed_at": "2025-06-25T12:36:12.974696"
    },
    {
      "sku": "BALDOR_WHEAT",
      "supplier_sku": "WHEAT",
      "name": "WHEATGRASS TRAY PERFECT FOODS NY ORG LCL",
      "category": "Produce/Other",
      "brand": "Baldor",
      "supplier_id": "BALD001",
      "supplier_name": "Baldor Specialty Foods",
      "unit_size": "1 TRAY CTN",
      "unit_type": "case",
      "wholesale_price": 25.25,
      "retail_price": 25.25,
      "retail_unit_type": "case",
      "retail_unit_size": "1 TRAY CTN",
      "retail_pack_size": "1",
      "retail_price_per_unit": 25.25,
      "retail_display": "$25.25/case",
      "is_organic": true,
      "is_gluten_free": true,
      "is_vegan": true,
      "is_kosher": false,
      "is_non_gmo": false,
      "is_local": true,
      "is_imported": false,
      "search_terms": [
        "perfect",
        "tray",
        "other",
        "foods",
        "produce",
        "org",
        "lcl",
        "wheatgrass"
      ],
      "upc": null,
      "processed_at": "2025-06-25T12:36:12.974706"
    },
    {
      "sku": "BALDOR_ZRA1A",
      "supplier_sku": "ZRA1A",
      "name": "RADISH BUNCHED 24 CT CALO ORG",
      "category": "Produce/Other",
      "brand": "Baldor",
      "supplier_id": "BALD001",
      "supplier_name": "Baldor Specialty Foods",
      "unit_size": "24 CT CTN",
      "unit_type": "case",
      "wholesale_price": 35.25,
      "retail_price": 35.25,
      "retail_unit_type": "each",
      "retail_unit_size": "1",
      "retail_pack_size": "1",
      "retail_price_per_unit": 1.47,
      "retail_display": "$1.47/each",
      "is_organic": true,
      "is_gluten_free": true,
      "is_vegan": true,
      "is_kosher": false,
      "is_non_gmo": false,
      "is_local": false,
      "is_imported": false,
      "search_terms": [
        "other",
        "radish",
        "produce",
        "org",
        "bunched",
        "calo"
      ],
      "upc": null,
      "processed_at": "2025-06-25T12:36:12.974715"
    },
    {
      "sku": "BALDOR_ZB1",
      "supplier_sku": "ZB1",
      "name": "BASIL 1 LB ORG",
      "category": "Produce/Herbs/Fresh Herbs",
      "brand": "Baldor",
      "supplier_id": "BALD001",
      "supplier_name": "Baldor Specialty Foods",
      "unit_size": "1 LB EACH",
      "unit_type": "case",
      "wholesale_price": 14.0,
      "retail_price": 14.0,
      "retail_unit_type": "lb",
      "retail_unit_size": "1",
      "retail_pack_size": "1",
      "retail_price_per_unit": 14.0,
      "retail_display": "$14.00/lb",
      "is_organic": true,
      "is_gluten_free": true,
      "is_vegan": true,
      "is_kosher": false,
      "is_non_gmo": false,
      "is_local": false,
      "is_imported": false,
      "search_terms": [
        "basil",
        "herbs",
        "produce",
        "org",
        "fresh herbs"
      ],
      "upc": null,
      "processed_at": "2025-06-25T12:36:12.974723"
    },
    {
      "sku": "BALDOR_ZRA3",
      "supplier_sku": "ZRA3",
      "name": "RADISH DAIKON 24 CT CALO ORG",
      "category": "Produce/Other",
      "brand": "Baldor",
      "supplier_id": "BALD001",
      "supplier_name": "Baldor Specialty Foods",
      "unit_size": "24 CT CTN",
      "unit_type": "case",
      "wholesale_price": 42.75,
      "retail_price": 42.75,
      "retail_unit_type": "each",
      "retail_unit_size": "1",
      "retail_pack_size": "1",
      "retail_price_per_unit": 1.78,
      "retail_display": "$1.78/each",
      "is_organic": true,
      "is_gluten_free": true,
      "is_vegan": true,
      "is_kosher": false,
      "is_non_gmo": false,
      "is_local": false,
      "is_imported": false,
      "search_terms": [
        "other",
        "radish",
        "produce",
        "org",
        "daikon",
        "calo"
      ],
      "upc": null,
      "processed_at": "2025-06-25T12:36:12.974732"
    },
    {
      "sku": "BALDOR_ZCI2",
      "supplier_sku": "ZCI2",
      "name": "CILANTRO 30 CT ORG",
      "category": "Produce/Herbs/Fresh Herbs",
      "brand": "Baldor",
      "supplier_id": "BALD001",
      "supplier_name": "Baldor Specialty Foods",
      "unit_size": "30 CT CTN",
      "unit_type": "case",
      "wholesale_price": 44.25,
      "retail_price": 44.25,
      "retail_unit_type": "each",
      "retail_unit_size": "1",
      "retail_pack_size": "1",
      "retail_price_per_unit": 1.48,
      "retail_display": "$1.48/each",
      "is_organic": true,
      "is_gluten_free": true,
      "is_vegan": true,
      "is_kosher": false,
      "is_non_gmo": false,
      "is_local": false,
      "is_imported": false,
      "search_terms": [
        "herbs",
        "cilantro",
        "produce",
        "org",
        "fresh herbs"
      ],
      "upc": null,
      "processed_at": "2025-06-25T12:36:12.974740"
    },
    {
      "sku": "BALDOR_ZRA8",
      "supplier_sku": "ZRA8",
      "name": "RADISH EASTER EGG 24 CT ORG",
      "category": "Produce/Other",
      "brand": "Baldor",
      "supplier_id": "BALD001",
      "supplier_name": "Baldor Specialty Foods",
      "unit_size": "24 CT CTN",
      "unit_type": "case",
      "wholesale_price": 42.75,
      "retail_price": 42.75,
      "retail_unit_type": "each",
      "retail_unit_size": "1",
      "retail_pack_size": "1",
      "retail_price_per_unit": 1.78,
      "retail_display": "$1.78/each",
      "is_organic": true,
      "is_gluten_free": true,
      "is_vegan": true,
      "is_kosher": false,
      "is_non_gmo": false,
      "is_local": false,
      "is_imported": false,
      "search_terms": [
        "egg",
        "other",
        "radish",
        "produce",
        "org",
        "easter"
      ],
      "upc": null,
      "processed_at": "2025-06-25T12:36:12.974749"
    },
    {
      "sku": "BALDOR_ZD1",
      "supplier_sku": "ZD1",
      "name": "DILL 24 CT ORG",
      "category": "Produce/Other",
      "brand": "Baldor",
      "supplier_id": "BALD001",
      "supplier_name": "Baldor Specialty Foods",
      "unit_size": "24 CT CTN",
      "unit_type": "case",
      "wholesale_price": 44.5,
      "retail_price": 44.5,
      "retail_unit_type": "each",
      "retail_unit_size": "1",
      "retail_pack_size": "1",
      "retail_price_per_unit": 1.85,
      "retail_display": "$1.85/each",
      "is_organic": true,
      "is_gluten_free": true,
      "is_vegan": true,
      "is_kosher": false,
      "is_non_gmo": false,
      "is_local": false,
      "is_imported": false,
      "search_terms": [
        "produce",
        "org",
        "other",
        "dill"
      ],
      "upc": null,
      "processed_at": "2025-06-25T12:36:12.974757"
    },
    {
      "sku": "BALDOR_ZRA8C",
      "supplier_sku": "ZRA8C",
      "name": "RADISH RAINBOW RTL 12 CT CAL-O ORG",
      "category": "Produce/Other",
      "brand": "Baldor",
      "supplier_id": "BALD001",
      "supplier_name": "Baldor Specialty Foods",
      "unit_size": "12 CT CTN",
      "unit_type": "case",
      "wholesale_price": 32.0,
      "retail_price": 32.0,
      "retail_unit_type": "each",
      "retail_unit_size": "1",
      "retail_pack_size": "1",
      "retail_price_per_unit": 2.67,
      "retail_display": "$2.67/each",
      "is_organic": true,
      "is_gluten_free": true,
      "is_vegan": true,
      "is_kosher": false,
      "is_non_gmo": false,
      "is_local": false,
      "is_imported": false,
      "search_terms": [
        "cal",
        "rainbow",
        "other",
        "radish",
        "rtl",
        "produce",
        "org"
      ],
      "upc": null,
      "processed_at": "2025-06-25T12:36:12.974766"
    },
    {
      "sku": "BALDOR_ZD1A",
      "supplier_sku": "ZD1A",
      "name": "DILL BUNCH 12 CT CAL-O ORG",
      "category": "Produce/Other",
      "brand": "Baldor",
      "supplier_id": "BALD001",
      "supplier_name": "Baldor Specialty Foods",
      "unit_size": "12 CT CTN",
      "unit_type": "case",
      "wholesale_price": 39.75,
      "retail_price": 39.75,
      "retail_unit_type": "each",
      "retail_unit_size": "1",
      "retail_pack_size": "1",
      "retail_price_per_unit": 3.31,
      "retail_display": "$3.31/each",
      "is_organic": true,
      "is_gluten_free": true,
      "is_vegan": true,
      "is_kosher": false,
      "is_non_gmo": false,
      "is_local": false,
      "is_imported": false,
      "search_terms": [
        "cal",
        "other",
        "produce",
        "org",
        "bunch",
        "dill"
      ],
      "upc": null,
      "processed_at": "2025-06-25T12:36:12.974775"
    },
    {
      "sku": "BALDOR_ZSPR",
      "supplier_sku": "ZSPR",
      "name": "SPROUT BEAN MUNG 6X7 OZ ORG",
      "category": "Produce/Other",
      "brand": "Baldor",
      "supplier_id": "BALD001",
      "supplier_name": "Baldor Specialty Foods",
      "unit_size": "7 OZ CTN",
      "unit_type": "case",
      "wholesale_price": 22.0,
      "retail_price": 22.0,
      "retail_unit_type": "oz",
      "retail_unit_size": "1",
      "retail_pack_size": "1",
      "retail_price_per_unit": 3.14,
      "retail_display": "$3.14/oz",
      "is_organic": true,
      "is_gluten_free": true,
      "is_vegan": true,
      "is_kosher": false,
      "is_non_gmo": false,
      "is_local": false,
      "is_imported": false,
      "search_terms": [
        "sprout",
        "mung",
        "other",
        "produce",
        "org",
        "6x7",
        "bean"
      ],
      "upc": null,
      "processed_at": "2025-06-25T12:36:12.974783"
    },
    {
      "sku": "BALDOR_ZHERBS00",
      "supplier_sku": "ZHERBS00",
      "name": "HERBS MIXED 6X3/4 OZ ORG",
      "category": "Produce/Other",
      "brand": "Baldor",
      "supplier_id": "BALD001",
      "supplier_name": "Baldor Specialty Foods",
      "unit_size": "3/4 OZ CTN",
      "unit_type": "case",
      "wholesale_price": 9.0,
      "retail_price": 9.0,
      "retail_unit_type": "oz",
      "retail_unit_size": "1",
      "retail_pack_size": "1",
      "retail_price_per_unit": 2.25,
      "retail_display": "$2.25/oz",
      "is_organic": true,
      "is_gluten_free": true,
      "is_vegan": true,
      "is_kosher": false,
      "is_non_gmo": false,
      "is_local": false,
      "is_imported": false,
      "search_terms": [
        "herbs",
        "6x3",
        "mixed",
        "other",
        "produce",
        "org"
      ],
      "upc": null,
      "processed_at": "2025-06-25T12:36:12.974791"
    },
    {
      "sku": "BALDOR_ZSPR2",
      "supplier_sku": "ZSPR2",
      "name": "SPROUT ALFAFA 6X4 OZ ORG",
      "category": "Produce/Other",
      "brand": "Baldor",
      "supplier_id": "BALD001",
      "supplier_name": "Baldor Specialty Foods",
      "unit_size": "4 OZ CTN",
      "unit_type": "case",
      "wholesale_price": 23.5,
      "retail_price": 23.5,
      "retail_unit_type": "oz",
      "retail_unit_size": "1",
      "retail_pack_size": "1",
      "retail_price_per_unit": 5.88,
      "retail_display": "$5.88/oz",
      "is_organic": true,
      "is_gluten_free": true,
      "is_vegan": true,
      "is_kosher": false,
      "is_non_gmo": false,
      "is_local": false,
      "is_imported": false,
      "search_terms": [
        "sprout",
        "other",
        "produce",
        "org",
        "6x4",
        "alfafa"
      ],
      "upc": null,
      "processed_at": "2025-06-25T12:36:12.974799"
    },
    {
      "sku": "BALDOR_ZHERBS02",
      "supplier_sku": "ZHERBS02",
      "name": "HERBS POULTRY MEDLEY 6X3/4 OZ ORG",
      "category": "Produce/Other",
      "brand": "Baldor",
      "supplier_id": "BALD001",
      "supplier_name": "Baldor Specialty Foods",
      "unit_size": "3/4 OZ CTN",
      "unit_type": "case",
      "wholesale_price": 9.0,
      "retail_price": 9.0,
      "retail_unit_type": "oz",
      "retail_unit_size": "1",
      "retail_pack_size": "1",
      "retail_price_per_unit": 2.25,
      "retail_display": "$2.25/oz",
      "is_organic": true,
      "is_gluten_free": true,
      "is_vegan": true,
      "is_kosher": false,
      "is_non_gmo": false,
      "is_local": false,
      "is_imported": false,
      "search_terms": [
        "herbs",
        "6x3",
        "other",
        "produce",
        "medley",
        "org",
        "poultry"
      ],
      "upc": null,
      "processed_at": "2025-06-25T12:36:12.974808"
    },
    {
      "sku": "BALDOR_ZSPR3",
      "supplier_sku": "ZSPR3",
      "name": "SPROUT BROCCOLI 6X4 OZ ORG",
      "category": "Produce/Vegetables/Brassicas",
      "brand": "Baldor",
      "supplier_id": "BALD001",
      "supplier_name": "Baldor Specialty Foods",
      "unit_size": "4 OZ CTN",
      "unit_type": "case",
      "wholesale_price": 29.75,
      "retail_price": 29.75,
      "retail_unit_type": "oz",
      "retail_unit_size": "1",
      "retail_pack_size": "1",
      "retail_price_per_unit": 7.44,
      "retail_display": "$7.44/oz",
      "is_organic": true,
      "is_gluten_free": true,
      "is_vegan": true,
      "is_kosher": false,
      "is_non_gmo": false,
      "is_local": false,
      "is_imported": false,
      "search_terms": [
        "broccoli",
        "sprout",
        "brassicas",
        "vegetables",
        "produce",
        "org",
        "6x4"
      ],
      "upc": null,
      "processed_at": "2025-06-25T12:36:12.974815"
    },
    {
      "sku": "BALDOR_ZHERBS03",
      "supplier_sku": "ZHERBS03",
      "name": "BASIL 6X3/4 OZ ORG",
      "category": "Produce/Herbs/Fresh Herbs",
      "brand": "Baldor",
      "supplier_id": "BALD001",
      "supplier_name": "Baldor Specialty Foods",
      "unit_size": "3/4 OZ CTN",
      "unit_type": "case",
      "wholesale_price": 9.0,
      "retail_price": 9.0,
      "retail_unit_type": "oz",
      "retail_unit_size": "1",
      "retail_pack_size": "1",
      "retail_price_per_unit": 2.25,
      "retail_display": "$2.25/oz",
      "is_organic": true,
      "is_gluten_free": true,
      "is_vegan": true,
      "is_kosher": false,
      "is_non_gmo": false,
      "is_local": false,
      "is_imported": false,
      "search_terms": [
        "basil",
        "herbs",
        "6x3",
        "produce",
        "org",
        "fresh herbs"
      ],
      "upc": null,
      "processed_at": "2025-06-25T12:36:12.974827"
    },
    {
      "sku": "BALDOR_ZSPR3B",
      "supplier_sku": "ZSPR3B",
      "name": "SPROUT MUNCHIN MIX BAG 6X4 OZ ORG",
      "category": "Produce/Other",
      "brand": "Baldor",
      "supplier_id": "BALD001",
      "supplier_name": "Baldor Specialty Foods",
      "unit_size": "4 OZ CTN",
      "unit_type": "case",
      "wholesale_price": 22.75,
      "retail_price": 22.75,
      "retail_unit_type": "oz",
      "retail_unit_size": "1",
      "retail_pack_size": "1",
      "retail_price_per_unit": 5.69,
      "retail_display": "$5.69/oz",
      "is_organic": true,
      "is_gluten_free": true,
      "is_vegan": true,
      "is_kosher": false,
      "is_non_gmo": false,
      "is_local": false,
      "is_imported": false,
      "search_terms": [
        "sprout",
        "other",
        "munchin",
        "bag",
        "produce",
        "org",
        "6x4",
        "mix"
      ],
      "upc": null,
      "processed_at": "2025-06-25T12:36:12.974836"
    },
    {
      "sku": "BALDOR_ZHERBS04",
      "supplier_sku": "ZHERBS04",
      "name": "CHIVES 6X3/4 OZ ORG",
      "category": "Produce/Other",
      "brand": "Baldor",
      "supplier_id": "BALD001",
      "supplier_name": "Baldor Specialty Foods",
      "unit_size": "3/4 OZ CTN",
      "unit_type": "case",
      "wholesale_price": 9.0,
      "retail_price": 9.0,
      "retail_unit_type": "oz",
      "retail_unit_size": "1",
      "retail_pack_size": "1",
      "retail_price_per_unit": 2.25,
      "retail_display": "$2.25/oz",
      "is_organic": true,
      "is_gluten_free": true,
      "is_vegan": true,
      "is_kosher": false,
      "is_non_gmo": false,
      "is_local": false,
      "is_imported": false,
      "search_terms": [
        "6x3",
        "chives",
        "other",
        "produce",
        "org"
      ],
      "upc": null,
      "processed_at": "2025-06-25T12:36:12.974843"
    },
    {
      "sku": "BALDOR_ZSPR3C",
      "supplier_sku": "ZSPR3C",
      "name": "PEA SHOOT 6X6 OZ ORG",
      "category": "Produce/Vegetables/Peas",
      "brand": "Baldor",
      "supplier_id": "BALD001",
      "supplier_name": "Baldor Specialty Foods",
      "unit_size": "4 OZ CTN",
      "unit_type": "case",
      "wholesale_price": 43.5,
      "retail_price": 43.5,
      "retail_unit_type": "oz",
      "retail_unit_size": "1",
      "retail_pack_size": "1",
      "retail_price_per_unit": 10.88,
      "retail_display": "$10.88/oz",
      "is_organic": true,
      "is_gluten_free": true,
      "is_vegan": true,
      "is_kosher": false,
      "is_non_gmo": false,
      "is_local": false,
      "is_imported": false,
      "search_terms": [
        "peas",
        "6x6",
        "shoot",
        "vegetables",
        "produce",
        "org",
        "pea"
      ],
      "upc": null,
      "processed_at": "2025-06-25T12:36:12.974851"
    },
    {
      "sku": "BALDOR_ZHERBS05",
      "supplier_sku": "ZHERBS05",
      "name": "CILANTRO 6X3/4 OZ ORG",
      "category": "Produce/Herbs/Fresh Herbs",
      "brand": "Baldor",
      "supplier_id": "BALD001",
      "supplier_name": "Baldor Specialty Foods",
      "unit_size": "3/4 OZ CTN",
      "unit_type": "case",
      "wholesale_price": 9.0,
      "retail_price": 9.0,
      "retail_unit_type": "oz",
      "retail_unit_size": "1",
      "retail_pack_size": "1",
      "retail_price_per_unit": 2.25,
      "retail_display": "$2.25/oz",
      "is_organic": true,
      "is_gluten_free": true,
      "is_vegan": true,
      "is_kosher": false,
      "is_non_gmo": false,
      "is_local": false,
      "is_imported": false,
      "search_terms": [
        "herbs",
        "cilantro",
        "6x3",
        "produce",
        "org",
        "fresh herbs"
      ],
      "upc": null,
      "processed_at": "2025-06-25T12:36:12.974859"
    },
    {
      "sku": "BALDOR_ZHERBS06",
      "supplier_sku": "ZHERBS06",
      "name": "DILL 6X3/4 OZ ORG",
      "category": "Produce/Other",
      "brand": "Baldor",
      "supplier_id": "BALD001",
      "supplier_name": "Baldor Specialty Foods",
      "unit_size": "3/4 OZ CTN",
      "unit_type": "case",
      "wholesale_price": 9.0,
      "retail_price": 9.0,
      "retail_unit_type": "oz",
      "retail_unit_size": "1",
      "retail_pack_size": "1",
      "retail_price_per_unit": 2.25,
      "retail_display": "$2.25/oz",
      "is_organic": true,
      "is_gluten_free": true,
      "is_vegan": true,
      "is_kosher": false,
      "is_non_gmo": false,
      "is_local": false,
      "is_imported": false,
      "search_terms": [
        "6x3",
        "other",
        "produce",
        "org",
        "dill"
      ],
      "upc": null,
      "processed_at": "2025-06-25T12:36:12.974867"
    },
    {
      "sku": "BALDOR_ZBEE2",
      "supplier_sku": "ZBEE2",
      "name": "BEETS RED RTL 12 CT ORG",
      "category": "Produce/Other",
      "brand": "Baldor",
      "supplier_id": "BALD001",
      "supplier_name": "Baldor Specialty Foods",
      "unit_size": "12 CT CTN",
      "unit_type": "case",
      "wholesale_price": 38.0,
      "retail_price": 38.0,
      "retail_unit_type": "each",
      "retail_unit_size": "1",
      "retail_pack_size": "1",
      "retail_price_per_unit": 3.17,
      "retail_display": "$3.17/each",
      "is_organic": true,
      "is_gluten_free": true,
      "is_vegan": true,
      "is_kosher": false,
      "is_non_gmo": false,
      "is_local": false,
      "is_imported": false,
      "search_terms": [
        "other",
        "red",
        "rtl",
        "produce",
        "org",
        "beets"
      ],
      "upc": null,
      "processed_at": "2025-06-25T12:36:12.974875"
    },
    {
      "sku": "BALDOR_ZHERBS07",
      "supplier_sku": "ZHERBS07",
      "name": "SPEARMINT 6X3/4 OZ ORG",
      "category": "Produce/Vegetables/Peas",
      "brand": "Baldor",
      "supplier_id": "BALD001",
      "supplier_name": "Baldor Specialty Foods",
      "unit_size": "3/4 OZ CTN",
      "unit_type": "case",
      "wholesale_price": 9.0,
      "retail_price": 9.0,
      "retail_unit_type": "oz",
      "retail_unit_size": "1",
      "retail_pack_size": "1",
      "retail_price_per_unit": 2.25,
      "retail_display": "$2.25/oz",
      "is_organic": true,
      "is_gluten_free": true,
      "is_vegan": true,
      "is_kosher": false,
      "is_non_gmo": false,
      "is_local": false,
      "is_imported": false,
      "search_terms": [
        "peas",
        "vegetables",
        "6x3",
        "spearmint",
        "produce",
        "org"
      ],
      "upc": null,
      "processed_at": "2025-06-25T12:36:12.974883"
    },
    {
      "sku": "BALDOR_ZBEE3",
      "supplier_sku": "ZBEE3",
      "name": "BEETS RED 25 LB ORG",
      "category": "Produce/Other",
      "brand": "Baldor",
      "supplier_id": "BALD001",
      "supplier_name": "Baldor Specialty Foods",
      "unit_size": "25 LB CTN",
      "unit_type": "case",
      "wholesale_price": 55.75,
      "retail_price": 55.75,
      "retail_unit_type": "lb",
      "retail_unit_size": "1",
      "retail_pack_size": "1",
      "retail_price_per_unit": 2.23,
      "retail_display": "$2.23/lb",
      "is_organic": true,
      "is_gluten_free": true,
      "is_vegan": true,
      "is_kosher": false,
      "is_non_gmo": false,
      "is_local": false,
      "is_imported": false,
      "search_terms": [
        "other",
        "red",
        "produce",
        "org",
        "beets"
      ],
      "upc": null,
      "processed_at": "2025-06-25T12:36:12.974892"
    },
    {
      "sku": "BALDOR_ZHERBS08",
      "supplier_sku": "ZHERBS08",
      "name": "OREGANO 6X3/4 OZ ORG",
      "category": "Produce/Other",
      "brand": "Baldor",
      "supplier_id": "BALD001",
      "supplier_name": "Baldor Specialty Foods",
      "unit_size": "3/4 OZ CTN",
      "unit_type": "case",
      "wholesale_price": 9.0,
      "retail_price": 9.0,
      "retail_unit_type": "oz",
      "retail_unit_size": "1",
      "retail_pack_size": "1",
      "retail_price_per_unit": 2.25,
      "retail_display": "$2.25/oz",
      "is_organic": true,
      "is_gluten_free": true,
      "is_vegan": true,
      "is_kosher": false,
      "is_non_gmo": false,
      "is_local": false,
      "is_imported": false,
      "search_terms": [
        "6x3",
        "oregano",
        "other",
        "produce",
        "org"
      ],
      "upc": null,
      "processed_at": "2025-06-25T12:36:12.974899"
    },
    {
      "sku": "BALDOR_ZBEE3D1",
      "supplier_sku": "ZBEE3D1",
      "name": "BEETS RED 24 CT ORG",
      "category": "Produce/Other",
      "brand": "Baldor",
      "supplier_id": "BALD001",
      "supplier_name": "Baldor Specialty Foods",
      "unit_size": "24 CT CTN",
      "unit_type": "case",
      "wholesale_price": 52.75,
      "retail_price": 52.75,
      "retail_unit_type": "each",
      "retail_unit_size": "1",
      "retail_pack_size": "1",
      "retail_price_per_unit": 2.2,
      "retail_display": "$2.20/each",
      "is_organic": true,
      "is_gluten_free": true,
      "is_vegan": true,
      "is_kosher": false,
      "is_non_gmo": false,
      "is_local": false,
      "is_imported": false,
      "search_terms": [
        "other",
        "red",
        "produce",
        "org",
        "beets"
      ],
      "upc": null,
      "processed_at": "2025-06-25T12:36:12.974907"
    },
    {
      "sku": "BALDOR_ZHERBS09",
      "supplier_sku": "ZHERBS09",
      "name": "ROSEMARY 6X3/4 OZ ORG",
      "category": "Produce/Other",
      "brand": "Baldor",
      "supplier_id": "BALD001",
      "supplier_name": "Baldor Specialty Foods",
      "unit_size": "3/4 OZ CTN",
      "unit_type": "case",
      "wholesale_price": 9.0,
      "retail_price": 9.0,
      "retail_unit_type": "oz",
      "retail_unit_size": "1",
      "retail_pack_size": "1",
      "retail_price_per_unit": 2.25,
      "retail_display": "$2.25/oz",
      "is_organic": true,
      "is_gluten_free": true,
      "is_vegan": true,
      "is_kosher": false,
      "is_non_gmo": false,
      "is_local": false,
      "is_imported": false,
      "search_terms": [
        "6x3",
        "rosemary",
        "other",
        "produce",
        "org"
      ],
      "upc": null,
      "processed_at": "2025-06-25T12:36:12.974914"
    },
    {
      "sku": "BALDOR_ZROO7",
      "supplier_sku": "ZROO7",
      "name": "TURMERIC 25 LB ORG",
      "category": "Produce/Other",
      "brand": "Baldor",
      "supplier_id": "BALD001",
      "supplier_name": "Baldor Specialty Foods",
      "unit_size": "25 LB CTN",
      "unit_type": "case",
      "wholesale_price": 142.5,
      "retail_price": 142.5,
      "retail_unit_type": "lb",
      "retail_unit_size": "1",
      "retail_pack_size": "1",
      "retail_price_per_unit": 5.7,
      "retail_display": "$5.70/lb",
      "is_organic": true,
      "is_gluten_free": true,
      "is_vegan": true,
      "is_kosher": false,
      "is_non_gmo": false,
      "is_local": false,
      "is_imported": false,
      "search_terms": [
        "produce",
        "org",
        "other",
        "turmeric"
      ],
      "upc": null,
      "processed_at": "2025-06-25T12:36:12.974921"
    },
    {
      "sku": "BALDOR_ZHERBS10",
      "supplier_sku": "ZHERBS10",
      "name": "SAGE 6X3/4 OZ ORG",
      "category": "Produce/Other",
      "brand": "Baldor",
      "supplier_id": "BALD001",
      "supplier_name": "Baldor Specialty Foods",
      "unit_size": "3/4 OZ CTN",
      "unit_type": "case",
      "wholesale_price": 9.0,
      "retail_price": 9.0,
      "retail_unit_type": "oz",
      "retail_unit_size": "1",
      "retail_pack_size": "1",
      "retail_price_per_unit": 2.25,
      "retail_display": "$2.25/oz",
      "is_organic": true,
      "is_gluten_free": true,
      "is_vegan": true,
      "is_kosher": false,
      "is_non_gmo": false,
      "is_local": false,
      "is_imported": false,
      "search_terms": [
        "6x3",
        "other",
        "produce",
        "org",
        "sage"
      ],
      "upc": null,
      "processed_at": "2025-06-25T12:36:12.974928"
    },
    {
      "sku": "BALDOR_ZROO7B",
      "supplier_sku": "ZROO7B",
      "name": "TURMERIC 5 LB ORG",
      "category": "Produce/Other",
      "brand": "Baldor",
      "supplier_id": "BALD001",
      "supplier_name": "Baldor Specialty Foods",
      "unit_size": "5 LB CTN",
      "unit_type": "case",
      "wholesale_price": 39.0,
      "retail_price": 39.0,
      "retail_unit_type": "lb",
      "retail_unit_size": "1",
      "retail_pack_size": "1",
      "retail_price_per_unit": 7.8,
      "retail_display": "$7.80/lb",
      "is_organic": true,
      "is_gluten_free": true,
      "is_vegan": true,
      "is_kosher": false,
      "is_non_gmo": false,
      "is_local": false,
      "is_imported": false,
      "search_terms": [
        "produce",
        "org",
        "other",
        "turmeric"
      ],
      "upc": null,
      "processed_at": "2025-06-25T12:36:12.974935"
    },
    {
      "sku": "BALDOR_ZHERBS12",
      "supplier_sku": "ZHERBS12",
      "name": "TARRAGON 6X3/4 OZ ORG",
      "category": "Produce/Other",
      "brand": "Baldor",
      "supplier_id": "BALD001",
      "supplier_name": "Baldor Specialty Foods",
      "unit_size": "3/4 OZ CTN",
      "unit_type": "case",
      "wholesale_price": 9.0,
      "retail_price": 9.0,
      "retail_unit_type": "oz",
      "retail_unit_size": "1",
      "retail_pack_size": "1",
      "retail_price_per_unit": 2.25,
      "retail_display": "$2.25/oz",
      "is_organic": true,
      "is_gluten_free": true,
      "is_vegan": true,
      "is_kosher": false,
      "is_non_gmo": false,
      "is_local": false,
      "is_imported": false,
      "search_terms": [
        "tarragon",
        "6x3",
        "other",
        "produce",
        "org"
      ],
      "upc": null,
      "processed_at": "2025-06-25T12:36:12.974942"
    },
    {
      "sku": "BALDOR_ZHERBS13",
      "supplier_sku": "ZHERBS13",
      "name": "THYME 6X3/4 OZ ORG",
      "category": "Produce/Other",
      "brand": "Baldor",
      "supplier_id": "BALD001",
      "supplier_name": "Baldor Specialty Foods",
      "unit_size": "3/4 OZ CTN",
      "unit_type": "case",
      "wholesale_price": 9.0,
      "retail_price": 9.0,
      "retail_unit_type": "oz",
      "retail_unit_size": "1",
      "retail_pack_size": "1",
      "retail_price_per_unit": 2.25,
      "retail_display": "$2.25/oz",
      "is_organic": true,
      "is_gluten_free": true,
      "is_vegan": true,
      "is_kosher": false,
      "is_non_gmo": false,
      "is_local": false,
      "is_imported": false,
      "search_terms": [
        "6x3",
        "other",
        "produce",
        "org",
        "thyme"
      ],
      "upc": null,
      "processed_at": "2025-06-25T12:36:12.974949"
    },
    {
      "sku": "BALDOR_ZSQ",
      "supplier_sku": "ZSQ",
      "name": "ZUCCHINI MEDIUM 18-22 LB ORG",
      "category": "Produce/Other",
      "brand": "Baldor",
      "supplier_id": "BALD001",
      "supplier_name": "Baldor Specialty Foods",
      "unit_size": "18-22 LB CTN",
      "unit_type": "case",
      "wholesale_price": 30.0,
      "retail_price": 30.0,
      "retail_unit_type": "lb",
      "retail_unit_size": "1",
      "retail_pack_size": "1",
      "retail_price_per_unit": 1.36,
      "retail_display": "$1.36/lb",
      "is_organic": true,
      "is_gluten_free": true,
      "is_vegan": true,
      "is_kosher": false,
      "is_non_gmo": false,
      "is_local": false,
      "is_imported": false,
      "search_terms": [
        "other",
        "produce",
        "org",
        "zucchini",
        "medium"
      ],
      "upc": null,
      "processed_at": "2025-06-25T12:36:12.974957"
    },
    {
      "sku": "BALDOR_ZHERBS14",
      "supplier_sku": "ZHERBS14",
      "name": "BAY LEAVES 6X3/4 OZ ORG",
      "category": "Produce/Other",
      "brand": "Baldor",
      "supplier_id": "BALD001",
      "supplier_name": "Baldor Specialty Foods",
      "unit_size": "3/4 OZ CTN",
      "unit_type": "case",
      "wholesale_price": 9.0,
      "retail_price": 9.0,
      "retail_unit_type": "oz",
      "retail_unit_size": "1",
      "retail_pack_size": "1",
      "retail_price_per_unit": 2.25,
      "retail_display": "$2.25/oz",
      "is_organic": true,
      "is_gluten_free": true,
      "is_vegan": true,
      "is_kosher": false,
      "is_non_gmo": false,
      "is_local": false,
      "is_imported": false,
      "search_terms": [
        "bay",
        "6x3",
        "other",
        "produce",
        "org",
        "leaves"
      ],
      "upc": null,
      "processed_at": "2025-06-25T12:36:12.974965"
    },
    {
      "sku": "BALDOR_ZSQ20",
      "supplier_sku": "ZSQ20",
      "name": "SQUASH YELLOW FCY 1/2 BSH ORG",
      "category": "Produce/Other",
      "brand": "Baldor",
      "supplier_id": "BALD001",
      "supplier_name": "Baldor Specialty Foods",
      "unit_size": "1/2 BSH CTN",
      "unit_type": "case",
      "wholesale_price": 31.5,
      "retail_price": 31.5,
      "retail_unit_type": "case",
      "retail_unit_size": "1/2 BSH CTN",
      "retail_pack_size": "1",
      "retail_price_per_unit": 31.5,
      "retail_display": "$31.50/case",
      "is_organic": true,
      "is_gluten_free": true,
      "is_vegan": true,
      "is_kosher": false,
      "is_non_gmo": false,
      "is_local": false,
      "is_imported": false,
      "search_terms": [
        "bsh",
        "other",
        "produce",
        "org",
        "squash",
        "fcy",
        "yellow"
      ],
      "upc": null,
      "processed_at": "2025-06-25T12:36:12.974975"
    },
    {
      "sku": "BALDOR_ZMI1",
      "supplier_sku": "ZMI1",
      "name": "MINT 1 LB ORG",
      "category": "Produce/Other",
      "brand": "Baldor",
      "supplier_id": "BALD001",
      "supplier_name": "Baldor Specialty Foods",
      "unit_size": "1 LB EACH",
      "unit_type": "case",
      "wholesale_price": 14.0,
      "retail_price": 14.0,
      "retail_unit_type": "lb",
      "retail_unit_size": "1",
      "retail_pack_size": "1",
      "retail_price_per_unit": 14.0,
      "retail_display": "$14.00/lb",
      "is_organic": true,
      "is_gluten_free": true,
      "is_vegan": true,
      "is_kosher": false,
      "is_non_gmo": false,
      "is_local": false,
      "is_imported": false,
      "search_terms": [
        "mint",
        "produce",
        "org",
        "other"
      ],
      "upc": null,
      "processed_at": "2025-06-25T12:36:12.974982"
    },
    {
      "sku": "BALDOR_ZSQ93",
      "supplier_sku": "ZSQ93",
      "name": "SQUASH BUTTERNUT 35 LB ORG",
      "category": "Produce/Other",
      "brand": "Baldor",
      "supplier_id": "BALD001",
      "supplier_name": "Baldor Specialty Foods",
      "unit_size": "35 LB CTN",
      "unit_type": "case",
      "wholesale_price": 41.75,
      "retail_price": 41.75,
      "retail_unit_type": "lb",
      "retail_unit_size": "1",
      "retail_pack_size": "1",
      "retail_price_per_unit": 1.19,
      "retail_display": "$1.19/lb",
      "is_organic": true,
      "is_gluten_free": true,
      "is_vegan": true,
      "is_kosher": false,
      "is_non_gmo": false,
      "is_local": false,
      "is_imported": false,
      "search_terms": [
        "other",
        "butternut",
        "produce",
        "squash",
        "org"
      ],
      "upc": null,
      "processed_at": "2025-06-25T12:36:12.974993"
    },
    {
      "sku": "BALDOR_ZP2",
      "supplier_sku": "ZP2",
      "name": "PARSLEY ITALIAN 30 CT ORG",
      "category": "Produce/Herbs/Fresh Herbs",
      "brand": "Baldor",
      "supplier_id": "BALD001",
      "supplier_name": "Baldor Specialty Foods",
      "unit_size": "30 CT CTN",
      "unit_type": "case",
      "wholesale_price": 39.0,
      "retail_price": 39.0,
      "retail_unit_type": "each",
      "retail_unit_size": "1",
      "retail_pack_size": "1",
      "retail_price_per_unit": 1.3,
      "retail_display": "$1.30/each",
      "is_organic": true,
      "is_gluten_free": true,
      "is_vegan": true,
      "is_kosher": false,
      "is_non_gmo": false,
      "is_local": false,
      "is_imported": false,
      "search_terms": [
        "herbs",
        "italian",
        "produce",
        "org",
        "parsley",
        "fresh herbs"
      ],
      "upc": null,
      "processed_at": "2025-06-25T12:36:12.975002"
    },
    {
      "sku": "BALDOR_ZSQEA01",
      "supplier_sku": "ZSQEA01",
      "name": "ZUCCHINI 12X14 OZ E&A ORG",
      "category": "Produce/Other",
      "brand": "Baldor",
      "supplier_id": "BALD001",
      "supplier_name": "Baldor Specialty Foods",
      "unit_size": "14 OZ CTN",
      "unit_type": "case",
      "wholesale_price": 63.75,
      "retail_price": 63.75,
      "retail_unit_type": "oz",
      "retail_unit_size": "1",
      "retail_pack_size": "1",
      "retail_price_per_unit": 4.55,
      "retail_display": "$4.55/oz",
      "is_organic": true,
      "is_gluten_free": true,
      "is_vegan": true,
      "is_kosher": false,
      "is_non_gmo": false,
      "is_local": false,
      "is_imported": false,
      "search_terms": [
        "other",
        "produce",
        "e&a",
        "org",
        "zucchini",
        "12x14"
      ],
      "upc": null,
      "processed_at": "2025-06-25T12:36:12.975010"
    },
    {
      "sku": "BALDOR_ZP3",
      "supplier_sku": "ZP3",
      "name": "PARSLEY CURLY 30 CT ORG",
      "category": "Produce/Herbs/Fresh Herbs",
      "brand": "Baldor",
      "supplier_id": "BALD001",
      "supplier_name": "Baldor Specialty Foods",
      "unit_size": "30 CT CTN",
      "unit_type": "case",
      "wholesale_price": 52.5,
      "retail_price": 52.5,
      "retail_unit_type": "each",
      "retail_unit_size": "1",
      "retail_pack_size": "1",
      "retail_price_per_unit": 1.75,
      "retail_display": "$1.75/each",
      "is_organic": true,
      "is_gluten_free": true,
      "is_vegan": true,
      "is_kosher": false,
      "is_non_gmo": false,
      "is_local": false,
      "is_imported": false,
      "search_terms": [
        "herbs",
        "produce",
        "org",
        "curly",
        "parsley",
        "fresh herbs"
      ],
      "upc": null,
      "processed_at": "2025-06-25T12:36:12.975018"
    },
    {
      "sku": "BALDOR_ZSQO1",
      "supplier_sku": "ZSQO1",
      "name": "ZUCCHINI FCY 22 LB ORG",
      "category": "Produce/Other",
      "brand": "Baldor",
      "supplier_id": "BALD001",
      "supplier_name": "Baldor Specialty Foods",
      "unit_size": "22 LB CTN",
      "unit_type": "case",
      "wholesale_price": 31.0,
      "retail_price": 31.0,
      "retail_unit_type": "lb",
      "retail_unit_size": "1",
      "retail_pack_size": "1",
      "retail_price_per_unit": 1.41,
      "retail_display": "$1.41/lb",
      "is_organic": true,
      "is_gluten_free": true,
      "is_vegan": true,
      "is_kosher": false,
      "is_non_gmo": false,
      "is_local": false,
      "is_imported": false,
      "search_terms": [
        "other",
        "produce",
        "org",
        "fcy",
        "zucchini"
      ],
      "upc": null,
      "processed_at": "2025-06-25T12:36:12.975025"
    },
    {
      "sku": "BALDOR_JU18G",
      "supplier_sku": "JU18G",
      "name": "JUICE ORANGE 6X32 OZ ORCHID ISLAND ORG",
      "category": "Produce/Fruit/Citrus",
      "brand": "Baldor",
      "supplier_id": "BALD001",
      "supplier_name": "Baldor Specialty Foods",
      "unit_size": "32 OZ CTN",
      "unit_type": "case",
      "wholesale_price": 41.5,
      "retail_price": 41.5,
      "retail_unit_type": "oz",
      "retail_unit_size": "1",
      "retail_pack_size": "1",
      "retail_price_per_unit": 1.3,
      "retail_display": "$1.30/oz",
      "is_organic": true,
      "is_gluten_free": true,
      "is_vegan": true,
      "is_kosher": false,
      "is_non_gmo": false,
      "is_local": false,
      "is_imported": false,
      "search_terms": [
        "island",
        "6x32",
        "citrus",
        "fruit",
        "juice",
        "produce",
        "org",
        "orange",
        "orchid"
      ],
      "upc": null,
      "processed_at": "2025-06-25T12:36:12.975034"
    },
    {
      "sku": "BALDOR_ZHE2",
      "supplier_sku": "ZHE2",
      "name": "TOMATO HEIRLOOM MINI 12X12 OZ ORG",
      "category": "Produce/Vegetables/Tomatoes",
      "brand": "Baldor",
      "supplier_id": "BALD001",
      "supplier_name": "Baldor Specialty Foods",
      "unit_size": "12 OZ CTN",
      "unit_type": "case",
      "wholesale_price": 38.0,
      "retail_price": 38.0,
      "retail_unit_type": "oz",
      "retail_unit_size": "1",
      "retail_pack_size": "1",
      "retail_price_per_unit": 3.17,
      "retail_display": "$3.17/oz",
      "is_organic": true,
      "is_gluten_free": true,
      "is_vegan": true,
      "is_kosher": false,
      "is_non_gmo": false,
      "is_local": false,
      "is_imported": false,
      "search_terms": [
        "heirloom",
        "tomato",
        "vegetables",
        "produce",
        "org",
        "mini",
        "tomatoes",
        "12x12"
      ],
      "upc": null,
      "processed_at": "2025-06-25T12:36:12.975041"
    },
    {
      "sku": "BALDOR_ZTO03",
      "supplier_sku": "ZTO03",
      "name": "TOMATO PLUM ROMA 12X1 LB ORG",
      "category": "Produce/Vegetables/Tomatoes",
      "brand": "Baldor",
      "supplier_id": "BALD001",
      "supplier_name": "Baldor Specialty Foods",
      "unit_size": "1 LB CTN",
      "unit_type": "case",
      "wholesale_price": 41.75,
      "retail_price": 41.75,
      "retail_unit_type": "lb",
      "retail_unit_size": "1",
      "retail_pack_size": "1",
      "retail_price_per_unit": 41.75,
      "retail_display": "$41.75/lb",
      "is_organic": true,
      "is_gluten_free": true,
      "is_vegan": true,
      "is_kosher": false,
      "is_non_gmo": false,
      "is_local": false,
      "is_imported": false,
      "search_terms": [
        "plum",
        "tomato",
        "vegetables",
        "roma",
        "produce",
        "12x1",
        "org",
        "tomatoes"
      ],
      "upc": null,
      "processed_at": "2025-06-25T12:36:12.975048"
    },
    {
      "sku": "BALDOR_BEV9D",
      "supplier_sku": "BEV9D",
      "name": "LIVING JUICE Organic Green Vitality Juice",
      "category": "Produce/Other",
      "brand": "Baldor",
      "supplier_id": "BALD001",
      "supplier_name": "Baldor Specialty Foods",
      "unit_size": "6 x 12oz CTN",
      "unit_type": "case",
      "wholesale_price": 24.0,
      "retail_price": 24.0,
      "retail_unit_type": "oz",
      "retail_unit_size": "1",
      "retail_pack_size": "1",
      "retail_price_per_unit": 2.0,
      "retail_display": "$2.00/oz",
      "is_organic": true,
      "is_gluten_free": true,
      "is_vegan": true,
      "is_kosher": false,
      "is_non_gmo": false,
      "is_local": false,
      "is_imported": false,
      "search_terms": [
        "living",
        "other",
        "juice",
        "produce",
        "vitality",
        "green",
        "organic"
      ],
      "upc": null,
      "processed_at": "2025-06-25T12:36:12.975058"
    },
    {
      "sku": "BALDOR_ZTO1",
      "supplier_sku": "ZTO1",
      "name": "TOMATO BEEFSTEAK LARGE 1 LYR ORG",
      "category": "Produce/Vegetables/Tomatoes",
      "brand": "Baldor",
      "supplier_id": "BALD001",
      "supplier_name": "Baldor Specialty Foods",
      "unit_size": "1 LYR CTN",
      "unit_type": "case",
      "wholesale_price": 30.25,
      "retail_price": 30.25,
      "retail_unit_type": "case",
      "retail_unit_size": "1 LYR CTN",
      "retail_pack_size": "1",
      "retail_price_per_unit": 30.25,
      "retail_display": "$30.25/case",
      "is_organic": true,
      "is_gluten_free": true,
      "is_vegan": true,
      "is_kosher": false,
      "is_non_gmo": false,
      "is_local": false,
      "is_imported": false,
      "search_terms": [
        "lyr",
        "large",
        "tomato",
        "vegetables",
        "produce",
        "org",
        "tomatoes",
        "beefsteak"
      ],
      "upc": null,
      "processed_at": "2025-06-25T12:36:12.975066"
    },
    {
      "sku": "BALDOR_BEV9E",
      "supplier_sku": "BEV9E",
      "name": "LIVING JUICE Organic Fresh Start",
      "category": "Produce/Other",
      "brand": "Baldor",
      "supplier_id": "BALD001",
      "supplier_name": "Baldor Specialty Foods",
      "unit_size": "6 x 12oz CTN",
      "unit_type": "case",
      "wholesale_price": 24.0,
      "retail_price": 24.0,
      "retail_unit_type": "oz",
      "retail_unit_size": "1",
      "retail_pack_size": "1",
      "retail_price_per_unit": 2.0,
      "retail_display": "$2.00/oz",
      "is_organic": true,
      "is_gluten_free": true,
      "is_vegan": true,
      "is_kosher": false,
      "is_non_gmo": false,
      "is_local": false,
      "is_imported": false,
      "search_terms": [
        "fresh",
        "living",
        "other",
        "juice",
        "produce",
        "start",
        "organic"
      ],
      "upc": null,
      "processed_at": "2025-06-25T12:36:12.975075"
    },
    {
      "sku": "BALDOR_ZTO3LW",
      "supplier_sku": "ZTO3LW",
      "name": "TOMATO RED BEEFSTEAK 1 LYR 10 LB LONG WIND FARM ORG LCL",
      "category": "Produce/Vegetables/Tomatoes",
      "brand": "Baldor",
      "supplier_id": "BALD001",
      "supplier_name": "Baldor Specialty Foods",
      "unit_size": "1 LYR 10 LB CTN",
      "unit_type": "case",
      "wholesale_price": 42.25,
      "retail_price": 42.25,
      "retail_unit_type": "lb",
      "retail_unit_size": "1",
      "retail_pack_size": "1",
      "retail_price_per_unit": 4.22,
      "retail_display": "$4.22/lb",
      "is_organic": true,
      "is_gluten_free": true,
      "is_vegan": true,
      "is_kosher": false,
      "is_non_gmo": false,
      "is_local": true,
      "is_imported": false,
      "search_terms": [
        "wind",
        "lyr",
        "farm",
        "tomato",
        "vegetables",
        "long",
        "red",
        "produce",
        "org",
        "tomatoes",
        "beefsteak",
        "lcl"
      ],
      "upc": null,
      "processed_at": "2025-06-25T12:36:12.975085"
    },
    {
      "sku": "BALDOR_BEV9F",
      "supplier_sku": "BEV9F",
      "name": "LIVING JUICE Organic Carrot Kick Juice",
      "category": "Produce/Vegetables/Root Vegetables",
      "brand": "Baldor",
      "supplier_id": "BALD001",
      "supplier_name": "Baldor Specialty Foods",
      "unit_size": "6 x 12oz CTN",
      "unit_type": "case",
      "wholesale_price": 24.0,
      "retail_price": 24.0,
      "retail_unit_type": "oz",
      "retail_unit_size": "1",
      "retail_pack_size": "1",
      "retail_price_per_unit": 2.0,
      "retail_display": "$2.00/oz",
      "is_organic": true,
      "is_gluten_free": true,
      "is_vegan": true,
      "is_kosher": false,
      "is_non_gmo": false,
      "is_local": false,
      "is_imported": false,
      "search_terms": [
        "root vegetables",
        "living",
        "vegetables",
        "juice",
        "kick",
        "produce",
        "organic",
        "carrot"
      ],
      "upc": null,
      "processed_at": "2025-06-25T12:36:12.975093"
    },
    {
      "sku": "BALDOR_ZTO3RT",
      "supplier_sku": "ZTO3RT",
      "name": "TOMATO RED BEEFSTEAK 12X2 CT ORG",
      "category": "Produce/Vegetables/Tomatoes",
      "brand": "Baldor",
      "supplier_id": "BALD001",
      "supplier_name": "Baldor Specialty Foods",
      "unit_size": "2 CT CTN",
      "unit_type": "case",
      "wholesale_price": 42.25,
      "retail_price": 42.25,
      "retail_unit_type": "each",
      "retail_unit_size": "1",
      "retail_pack_size": "1",
      "retail_price_per_unit": 21.12,
      "retail_display": "$21.12/each",
      "is_organic": true,
      "is_gluten_free": true,
      "is_vegan": true,
      "is_kosher": false,
      "is_non_gmo": false,
      "is_local": false,
      "is_imported": false,
      "search_terms": [
        "12x2",
        "tomato",
        "vegetables",
        "red",
        "produce",
        "org",
        "tomatoes",
        "beefsteak"
      ],
      "upc": null,
      "processed_at": "2025-06-25T12:36:12.975101"
    },
    {
      "sku": "BALDOR_BEV9G",
      "supplier_sku": "BEV9G",
      "name": "LIVING JUICE Organic Red Radiance Juice",
      "category": "Produce/Other",
      "brand": "Baldor",
      "supplier_id": "BALD001",
      "supplier_name": "Baldor Specialty Foods",
      "unit_size": "6 x 12oz CTN",
      "unit_type": "case",
      "wholesale_price": 24.0,
      "retail_price": 24.0,
      "retail_unit_type": "oz",
      "retail_unit_size": "1",
      "retail_pack_size": "1",
      "retail_price_per_unit": 2.0,
      "retail_display": "$2.00/oz",
      "is_organic": true,
      "is_gluten_free": true,
      "is_vegan": true,
      "is_kosher": false,
      "is_non_gmo": false,
      "is_local": false,
      "is_imported": false,
      "search_terms": [
        "living",
        "other",
        "juice",
        "red",
        "produce",
        "radiance",
        "organic"
      ],
      "upc": null,
      "processed_at": "2025-06-25T12:36:12.975110"
    },
    {
      "sku": "BALDOR_ZTO5C",
      "supplier_sku": "ZTO5C",
      "name": "TOMATO ON VINE 11 LB ORG",
      "category": "Produce/Vegetables/Tomatoes",
      "brand": "Baldor",
      "supplier_id": "BALD001",
      "supplier_name": "Baldor Specialty Foods",
      "unit_size": "11 LB CTN",
      "unit_type": "case",
      "wholesale_price": 29.25,
      "retail_price": 29.25,
      "retail_unit_type": "lb",
      "retail_unit_size": "1",
      "retail_pack_size": "1",
      "retail_price_per_unit": 2.66,
      "retail_display": "$2.66/lb",
      "is_organic": true,
      "is_gluten_free": true,
      "is_vegan": true,
      "is_kosher": false,
      "is_non_gmo": false,
      "is_local": false,
      "is_imported": false,
      "search_terms": [
        "tomato",
        "vegetables",
        "produce",
        "org",
        "tomatoes",
        "vine"
      ],
      "upc": null,
      "processed_at": "2025-06-25T12:36:12.975117"
    },
    {
      "sku": "BALDOR_BEV9H",
      "supplier_sku": "BEV9H",
      "name": "LIVING JUICE Organic Pineapple Punch",
      "category": "Produce/Fruit/Apples",
      "brand": "Baldor",
      "supplier_id": "BALD001",
      "supplier_name": "Baldor Specialty Foods",
      "unit_size": "6 x 12oz CTN",
      "unit_type": "case",
      "wholesale_price": 24.0,
      "retail_price": 24.0,
      "retail_unit_type": "oz",
      "retail_unit_size": "1",
      "retail_pack_size": "1",
      "retail_price_per_unit": 2.0,
      "retail_display": "$2.00/oz",
      "is_organic": true,
      "is_gluten_free": true,
      "is_vegan": true,
      "is_kosher": false,
      "is_non_gmo": false,
      "is_local": false,
      "is_imported": false,
      "search_terms": [
        "living",
        "fruit",
        "apples",
        "juice",
        "punch",
        "produce",
        "organic",
        "pineapple"
      ],
      "upc": null,
      "processed_at": "2025-06-25T12:36:12.975126"
    },
    {
      "sku": "BALDOR_ZTO5LW",
      "supplier_sku": "ZTO5LW",
      "name": "TOMATO COCKTAIL CHERRY MIX 12X1 PT LONG WIND FARM ORG LCL",
      "category": "Produce/Vegetables/Tomatoes",
      "brand": "Baldor",
      "supplier_id": "BALD001",
      "supplier_name": "Baldor Specialty Foods",
      "unit_size": "1 PT CTN",
      "unit_type": "case",
      "wholesale_price": 62.5,
      "retail_price": 62.5,
      "retail_unit_type": "case",
      "retail_unit_size": "1 PT CTN",
      "retail_pack_size": "1",
      "retail_price_per_unit": 62.5,
      "retail_display": "$62.50/case",
      "is_organic": true,
      "is_gluten_free": true,
      "is_vegan": true,
      "is_kosher": false,
      "is_non_gmo": false,
      "is_local": true,
      "is_imported": false,
      "search_terms": [
        "wind",
        "farm",
        "tomato",
        "vegetables",
        "cocktail",
        "long",
        "produce",
        "12x1",
        "org",
        "tomatoes",
        "cherry",
        "lcl",
        "mix"
      ],
      "upc": null,
      "processed_at": "2025-06-25T12:36:12.975136"
    },
    {
      "sku": "BALDOR_BEV9DD",
      "supplier_sku": "BEV9DD",
      "name": "LIVING JUICE Organic Green Vitality Juice Mini",
      "category": "Produce/Other",
      "brand": "Baldor",
      "supplier_id": "BALD001",
      "supplier_name": "Baldor Specialty Foods",
      "unit_size": "8 x 4oz CTN",
      "unit_type": "case",
      "wholesale_price": 22.5,
      "retail_price": 22.5,
      "retail_unit_type": "oz",
      "retail_unit_size": "1",
      "retail_pack_size": "1",
      "retail_price_per_unit": 5.62,
      "retail_display": "$5.62/oz",
      "is_organic": true,
      "is_gluten_free": true,
      "is_vegan": true,
      "is_kosher": false,
      "is_non_gmo": false,
      "is_local": false,
      "is_imported": false,
      "search_terms": [
        "living",
        "other",
        "juice",
        "produce",
        "vitality",
        "green",
        "mini",
        "organic"
      ],
      "upc": null,
      "processed_at": "2025-06-25T12:36:12.975145"
    },
    {
      "sku": "BALDOR_ZTO6",
      "supplier_sku": "ZTO6",
      "name": "TOMATO CHERRY 12 CT ORG",
      "category": "Produce/Vegetables/Tomatoes",
      "brand": "Baldor",
      "supplier_id": "BALD001",
      "supplier_name": "Baldor Specialty Foods",
      "unit_size": "1 PT CTN",
      "unit_type": "case",
      "wholesale_price": 35.5,
      "retail_price": 35.5,
      "retail_unit_type": "case",
      "retail_unit_size": "1 PT CTN",
      "retail_pack_size": "1",
      "retail_price_per_unit": 35.5,
      "retail_display": "$35.50/case",
      "is_organic": true,
      "is_gluten_free": true,
      "is_vegan": true,
      "is_kosher": false,
      "is_non_gmo": false,
      "is_local": false,
      "is_imported": false,
      "search_terms": [
        "tomato",
        "vegetables",
        "produce",
        "org",
        "tomatoes",
        "cherry"
      ],
      "upc": null,
      "processed_at": "2025-06-25T12:36:12.975154"
    },
    {
      "sku": "BALDOR_BEV9EE",
      "supplier_sku": "BEV9EE",
      "name": "LIVING JUICE Organic Fresh Start Juice Mini",
      "category": "Produce/Other",
      "brand": "Baldor",
      "supplier_id": "BALD001",
      "supplier_name": "Baldor Specialty Foods",
      "unit_size": "8 x 4oz CTN",
      "unit_type": "case",
      "wholesale_price": 22.5,
      "retail_price": 22.5,
      "retail_unit_type": "oz",
      "retail_unit_size": "1",
      "retail_pack_size": "1",
      "retail_price_per_unit": 5.62,
      "retail_display": "$5.62/oz",
      "is_organic": true,
      "is_gluten_free": true,
      "is_vegan": true,
      "is_kosher": false,
      "is_non_gmo": false,
      "is_local": false,
      "is_imported": false,
      "search_terms": [
        "fresh",
        "living",
        "other",
        "juice",
        "produce",
        "start",
        "mini",
        "organic"
      ],
      "upc": null,
      "processed_at": "2025-06-25T12:36:12.975163"
    },
    {
      "sku": "BALDOR_ZTO6F",
      "supplier_sku": "ZTO6F",
      "name": "TOMATO GRAPE 12 X 1 PT ORG",
      "category": "Produce/Vegetables/Tomatoes",
      "brand": "Baldor",
      "supplier_id": "BALD001",
      "supplier_name": "Baldor Specialty Foods",
      "unit_size": "1 PT CTN",
      "unit_type": "case",
      "wholesale_price": 30.25,
      "retail_price": 30.25,
      "retail_unit_type": "case",
      "retail_unit_size": "1 PT CTN",
      "retail_pack_size": "1",
      "retail_price_per_unit": 30.25,
      "retail_display": "$30.25/case",
      "is_organic": true,
      "is_gluten_free": true,
      "is_vegan": true,
      "is_kosher": false,
      "is_non_gmo": false,
      "is_local": false,
      "is_imported": false,
      "search_terms": [
        "tomato",
        "vegetables",
        "produce",
        "org",
        "tomatoes",
        "grape"
      ],
      "upc": null,
      "processed_at": "2025-06-25T12:36:12.975173"
    },
    {
      "sku": "BALDOR_BEV9FF",
      "supplier_sku": "BEV9FF",
      "name": "LIVING JUICE Organic Carrot Kick Juice Mini",
      "category": "Produce/Vegetables/Root Vegetables",
      "brand": "Baldor",
      "supplier_id": "BALD001",
      "supplier_name": "Baldor Specialty Foods",
      "unit_size": "8 x 4oz CTN",
      "unit_type": "case",
      "wholesale_price": 22.5,
      "retail_price": 22.5,
      "retail_unit_type": "oz",
      "retail_unit_size": "1",
      "retail_pack_size": "1",
      "retail_price_per_unit": 5.62,
      "retail_display": "$5.62/oz",
      "is_organic": true,
      "is_gluten_free": true,
      "is_vegan": true,
      "is_kosher": false,
      "is_non_gmo": false,
      "is_local": false,
      "is_imported": false,
      "search_terms": [
        "root vegetables",
        "living",
        "vegetables",
        "juice",
        "kick",
        "produce",
        "mini",
        "organic",
        "carrot"
      ],
      "upc": null,
      "processed_at": "2025-06-25T12:36:12.975181"
    },
    {
      "sku": "BALDOR_ZTO93",
      "supplier_sku": "ZTO93",
      "name": "TOMATOES CAMPARI 10X12 OZ SUNSET ORG",
      "category": "Produce/Vegetables/Tomatoes",
      "brand": "Baldor",
      "supplier_id": "BALD001",
      "supplier_name": "Baldor Specialty Foods",
      "unit_size": "12 OZ CTN",
      "unit_type": "case",
      "wholesale_price": 38.75,
      "retail_price": 38.75,
      "retail_unit_type": "oz",
      "retail_unit_size": "1",
      "retail_pack_size": "1",
      "retail_price_per_unit": 3.23,
      "retail_display": "$3.23/oz",
      "is_organic": true,
      "is_gluten_free": true,
      "is_vegan": true,
      "is_kosher": false,
      "is_non_gmo": false,
      "is_local": false,
      "is_imported": false,
      "search_terms": [
        "vegetables",
        "10x12",
        "campari",
        "produce",
        "org",
        "tomatoes",
        "sunset"
      ],
      "upc": null,
      "processed_at": "2025-06-25T12:36:12.975190"
    },
    {
      "sku": "BALDOR_BEV9GG",
      "supplier_sku": "BEV9GG",
      "name": "LIVING JUICE Organic Red Radiance Juice Mini",
      "category": "Produce/Other",
      "brand": "Baldor",
      "supplier_id": "BALD001",
      "supplier_name": "Baldor Specialty Foods",
      "unit_size": "8 x 4oz CTN",
      "unit_type": "case",
      "wholesale_price": 22.5,
      "retail_price": 22.5,
      "retail_unit_type": "oz",
      "retail_unit_size": "1",
      "retail_pack_size": "1",
      "retail_price_per_unit": 5.62,
      "retail_display": "$5.62/oz",
      "is_organic": true,
      "is_gluten_free": true,
      "is_vegan": true,
      "is_kosher": false,
      "is_non_gmo": false,
      "is_local": false,
      "is_imported": false,
      "search_terms": [
        "living",
        "other",
        "juice",
        "red",
        "produce",
        "mini",
        "radiance",
        "organic"
      ],
      "upc": null,
      "processed_at": "2025-06-25T12:36:12.975200"
    },
    {
      "sku": "BALDOR_BEV9HH",
      "supplier_sku": "BEV9HH",
      "name": "LIVING JUICE Organic Pineapple Punch Juice Mini",
      "category": "Produce/Fruit/Apples",
      "brand": "Baldor",
      "supplier_id": "BALD001",
      "supplier_name": "Baldor Specialty Foods",
      "unit_size": "8 x 4oz CTN",
      "unit_type": "case",
      "wholesale_price": 22.5,
      "retail_price": 22.5,
      "retail_unit_type": "oz",
      "retail_unit_size": "1",
      "retail_pack_size": "1",
      "retail_price_per_unit": 5.62,
      "retail_display": "$5.62/oz",
      "is_organic": true,
      "is_gluten_free": true,
      "is_vegan": true,
      "is_kosher": false,
      "is_non_gmo": false,
      "is_local": false,
      "is_imported": false,
      "search_terms": [
        "living",
        "fruit",
        "apples",
        "juice",
        "punch",
        "produce",
        "mini",
        "organic",
        "pineapple"
      ],
      "upc": null,
      "processed_at": "2025-06-25T12:36:12.975208"
    },
    {
      "sku": "BALDOR_ZDA1",
      "supplier_sku": "ZDA1",
      "name": "DATES MEDJOOL 11 LB (Bio 5kg) ORG",
      "category": "Produce/Other",
      "brand": "Baldor",
      "supplier_id": "BALD001",
      "supplier_name": "Baldor Specialty Foods",
      "unit_size": "11 LB CTN",
      "unit_type": "case",
      "wholesale_price": 75.0,
      "retail_price": 75.0,
      "retail_unit_type": "lb",
      "retail_unit_size": "1",
      "retail_pack_size": "1",
      "retail_price_per_unit": 6.82,
      "retail_display": "$6.82/lb",
      "is_organic": true,
      "is_gluten_free": true,
      "is_vegan": true,
      "is_kosher": false,
      "is_non_gmo": false,
      "is_local": false,
      "is_imported": false,
      "search_terms": [
        "dates",
        "medjool",
        "5kg)",
        "other",
        "produce",
        "org",
        "(bio"
      ],
      "upc": null,
      "processed_at": "2025-06-25T12:36:12.975216"
    },
    {
      "sku": "BALDOR_ZGI1",
      "supplier_sku": "ZGI1",
      "name": "GINGER 10 LB ORG",
      "category": "Produce/Other",
      "brand": "Baldor",
      "supplier_id": "BALD001",
      "supplier_name": "Baldor Specialty Foods",
      "unit_size": "10 LB CTN",
      "unit_type": "case",
      "wholesale_price": 51.25,
      "retail_price": 51.25,
      "retail_unit_type": "lb",
      "retail_unit_size": "1",
      "retail_pack_size": "1",
      "retail_price_per_unit": 5.12,
      "retail_display": "$5.12/lb",
      "is_organic": true,
      "is_gluten_free": true,
      "is_vegan": true,
      "is_kosher": false,
      "is_non_gmo": false,
      "is_local": false,
      "is_imported": false,
      "search_terms": [
        "produce",
        "ginger",
        "org",
        "other"
      ],
      "upc": null,
      "processed_at": "2025-06-25T12:36:12.975224"
    },
    {
      "sku": "BALDOR_ZGI1A",
      "supplier_sku": "ZGI1A",
      "name": "GINGER 1 LB ORG",
      "category": "Produce/Other",
      "brand": "Baldor",
      "supplier_id": "BALD001",
      "supplier_name": "Baldor Specialty Foods",
      "unit_size": "1 LB CTN",
      "unit_type": "case",
      "wholesale_price": 8.0,
      "retail_price": 8.0,
      "retail_unit_type": "lb",
      "retail_unit_size": "1",
      "retail_pack_size": "1",
      "retail_price_per_unit": 8.0,
      "retail_display": "$8.00/lb",
      "is_organic": true,
      "is_gluten_free": true,
      "is_vegan": true,
      "is_kosher": false,
      "is_non_gmo": false,
      "is_local": false,
      "is_imported": false,
      "search_terms": [
        "produce",
        "ginger",
        "org",
        "other"
      ],
      "upc": null,
      "processed_at": "2025-06-25T12:36:12.975230"
    },
    {
      "sku": "BALDOR_ZBEE01",
      "supplier_sku": "ZBEE01",
      "name": "GOLDEN BEETS 24 CT CALO ORG",
      "category": "Produce/Other",
      "brand": "Baldor",
      "supplier_id": "BALD001",
      "supplier_name": "Baldor Specialty Foods",
      "unit_size": "24 CT CTN",
      "unit_type": "case",
      "wholesale_price": 44.25,
      "retail_price": 44.25,
      "retail_unit_type": "each",
      "retail_unit_size": "1",
      "retail_pack_size": "1",
      "retail_price_per_unit": 1.84,
      "retail_display": "$1.84/each",
      "is_organic": true,
      "is_gluten_free": true,
      "is_vegan": true,
      "is_kosher": false,
      "is_non_gmo": false,
      "is_local": false,
      "is_imported": false,
      "search_terms": [
        "other",
        "produce",
        "golden",
        "org",
        "beets",
        "calo"
      ],
      "upc": null,
      "processed_at": "2025-06-25T12:36:12.975239"
    },
    {
      "sku": "BALDOR_ZGI3",
      "supplier_sku": "ZGI3",
      "name": "GINGER 30 LB PERU ORG",
      "category": "Produce/Other",
      "brand": "Baldor",
      "supplier_id": "BALD001",
      "supplier_name": "Baldor Specialty Foods",
      "unit_size": "30 LB CTN",
      "unit_type": "case",
      "wholesale_price": 96.75,
      "retail_price": 96.75,
      "retail_unit_type": "lb",
      "retail_unit_size": "1",
      "retail_pack_size": "1",
      "retail_price_per_unit": 3.23,
      "retail_display": "$3.23/lb",
      "is_organic": true,
      "is_gluten_free": true,
      "is_vegan": true,
      "is_kosher": false,
      "is_non_gmo": false,
      "is_local": false,
      "is_imported": false,
      "search_terms": [
        "peru",
        "ginger",
        "other",
        "produce",
        "org"
      ],
      "upc": null,
      "processed_at": "2025-06-25T12:36:12.975246"
    },
    {
      "sku": "BALDOR_ZKA0",
      "supplier_sku": "ZKA0",
      "name": "KALE RED 24 CT ORG",
      "category": "Produce/Vegetables/Leafy Greens",
      "brand": "Baldor",
      "supplier_id": "BALD001",
      "supplier_name": "Baldor Specialty Foods",
      "unit_size": "24 CT CTN",
      "unit_type": "case",
      "wholesale_price": 44.75,
      "retail_price": 44.75,
      "retail_unit_type": "each",
      "retail_unit_size": "1",
      "retail_pack_size": "1",
      "retail_price_per_unit": 1.86,
      "retail_display": "$1.86/each",
      "is_organic": true,
      "is_gluten_free": true,
      "is_vegan": true,
      "is_kosher": false,
      "is_non_gmo": false,
      "is_local": false,
      "is_imported": false,
      "search_terms": [
        "kale",
        "vegetables",
        "red",
        "produce",
        "org",
        "leafy greens"
      ],
      "upc": null,
      "processed_at": "2025-06-25T12:36:12.975254"
    },
    {
      "sku": "BALDOR_ZKA1",
      "supplier_sku": "ZKA1",
      "name": "KALE GREEN 24 CT ORG",
      "category": "Produce/Vegetables/Leafy Greens",
      "brand": "Baldor",
      "supplier_id": "BALD001",
      "supplier_name": "Baldor Specialty Foods",
      "unit_size": "24 CT CTN",
      "unit_type": "case",
      "wholesale_price": 38.5,
      "retail_price": 38.5,
      "retail_unit_type": "each",
      "retail_unit_size": "1",
      "retail_pack_size": "1",
      "retail_price_per_unit": 1.6,
      "retail_display": "$1.60/each",
      "is_organic": true,
      "is_gluten_free": true,
      "is_vegan": true,
      "is_kosher": false,
      "is_non_gmo": false,
      "is_local": false,
      "is_imported": false,
      "search_terms": [
        "kale",
        "vegetables",
        "produce",
        "green",
        "org",
        "leafy greens"
      ],
      "upc": null,
      "processed_at": "2025-06-25T12:36:12.975262"
    },
    {
      "sku": "BALDOR_ZKA2",
      "supplier_sku": "ZKA2",
      "name": "KALE LACINATO 24 CT ORG",
      "category": "Produce/Vegetables/Leafy Greens",
      "brand": "Baldor",
      "supplier_id": "BALD001",
      "supplier_name": "Baldor Specialty Foods",
      "unit_size": "24 CT CTN",
      "unit_type": "case",
      "wholesale_price": 46.25,
      "retail_price": 46.25,
      "retail_unit_type": "each",
      "retail_unit_size": "1",
      "retail_pack_size": "1",
      "retail_price_per_unit": 1.93,
      "retail_display": "$1.93/each",
      "is_organic": true,
      "is_gluten_free": true,
      "is_vegan": true,
      "is_kosher": false,
      "is_non_gmo": false,
      "is_local": false,
      "is_imported": false,
      "search_terms": [
        "kale",
        "vegetables",
        "lacinato",
        "produce",
        "org",
        "leafy greens"
      ],
      "upc": null,
      "processed_at": "2025-06-25T12:36:12.975272"
    },
    {
      "sku": "BALDOR_ZDAN01",
      "supplier_sku": "ZDAN01",
      "name": "DANDELION GREEN 12 CT CALO ORG",
      "category": "Produce/Other",
      "brand": "Baldor",
      "supplier_id": "BALD001",
      "supplier_name": "Baldor Specialty Foods",
      "unit_size": "12 CT CTN",
      "unit_type": "case",
      "wholesale_price": 37.0,
      "retail_price": 37.0,
      "retail_unit_type": "each",
      "retail_unit_size": "1",
      "retail_pack_size": "1",
      "retail_price_per_unit": 3.08,
      "retail_display": "$3.08/each",
      "is_organic": true,
      "is_gluten_free": true,
      "is_vegan": true,
      "is_kosher": false,
      "is_non_gmo": false,
      "is_local": false,
      "is_imported": false,
      "search_terms": [
        "dandelion",
        "other",
        "produce",
        "green",
        "org",
        "calo"
      ],
      "upc": null,
      "processed_at": "2025-06-25T12:36:12.975281"
    },
    {
      "sku": "BALDOR_ZKA2B",
      "supplier_sku": "ZKA2B",
      "name": "KALE LACINATO SLICED 4X2.5 LB ORG",
      "category": "Produce/Vegetables/Leafy Greens",
      "brand": "Baldor",
      "supplier_id": "BALD001",
      "supplier_name": "Baldor Specialty Foods",
      "unit_size": "2.5 LB CTN",
      "unit_type": "case",
      "wholesale_price": 93.75,
      "retail_price": 93.75,
      "retail_unit_type": "lb",
      "retail_unit_size": "1",
      "retail_pack_size": "1",
      "retail_price_per_unit": 37.5,
      "retail_display": "$37.50/lb",
      "is_organic": true,
      "is_gluten_free": true,
      "is_vegan": true,
      "is_kosher": false,
      "is_non_gmo": false,
      "is_local": false,
      "is_imported": false,
      "search_terms": [
        "kale",
        "vegetables",
        "4x2.5",
        "lacinato",
        "produce",
        "org",
        "leafy greens",
        "sliced"
      ],
      "upc": null,
      "processed_at": "2025-06-25T12:36:12.975288"
    },
    {
      "sku": "BALDOR_ZKA11",
      "supplier_sku": "ZKA11",
      "name": "KALE GREEN 24 CT CALO ORG",
      "category": "Produce/Vegetables/Leafy Greens",
      "brand": "Baldor",
      "supplier_id": "BALD001",
      "supplier_name": "Baldor Specialty Foods",
      "unit_size": "24 CT CTN",
      "unit_type": "case",
      "wholesale_price": 42.25,
      "retail_price": 42.25,
      "retail_unit_type": "each",
      "retail_unit_size": "1",
      "retail_pack_size": "1",
      "retail_price_per_unit": 1.76,
      "retail_display": "$1.76/each",
      "is_organic": true,
      "is_gluten_free": true,
      "is_vegan": true,
      "is_kosher": false,
      "is_non_gmo": false,
      "is_local": false,
      "is_imported": false,
      "search_terms": [
        "kale",
        "vegetables",
        "produce",
        "green",
        "org",
        "leafy greens",
        "calo"
      ],
      "upc": null,
      "processed_at": "2025-06-25T12:36:12.975296"
    },
    {
      "sku": "BALDOR_ZLET92A",
      "supplier_sku": "ZLET92A",
      "name": "COLLARD GREENS 24 CT CALO ORG",
      "category": "Produce/Other",
      "brand": "Baldor",
      "supplier_id": "BALD001",
      "supplier_name": "Baldor Specialty Foods",
      "unit_size": "24 CT CTN",
      "unit_type": "case",
      "wholesale_price": 41.25,
      "retail_price": 41.25,
      "retail_unit_type": "each",
      "retail_unit_size": "1",
      "retail_pack_size": "1",
      "retail_price_per_unit": 1.72,
      "retail_display": "$1.72/each",
      "is_organic": true,
      "is_gluten_free": true,
      "is_vegan": true,
      "is_kosher": false,
      "is_non_gmo": false,
      "is_local": false,
      "is_imported": false,
      "search_terms": [
        "greens",
        "collard",
        "other",
        "produce",
        "org",
        "calo"
      ],
      "upc": null,
      "processed_at": "2025-06-25T12:36:12.975305"
    },
    {
      "sku": "BALDOR_ZKA21",
      "supplier_sku": "ZKA21",
      "name": "KALE LACINATO 24 CT CALO ORG",
      "category": "Produce/Vegetables/Leafy Greens",
      "brand": "Baldor",
      "supplier_id": "BALD001",
      "supplier_name": "Baldor Specialty Foods",
      "unit_size": "24 CT CTN",
      "unit_type": "case",
      "wholesale_price": 42.25,
      "retail_price": 42.25,
      "retail_unit_type": "each",
      "retail_unit_size": "1",
      "retail_pack_size": "1",
      "retail_price_per_unit": 1.76,
      "retail_display": "$1.76/each",
      "is_organic": true,
      "is_gluten_free": true,
      "is_vegan": true,
      "is_kosher": false,
      "is_non_gmo": false,
      "is_local": false,
      "is_imported": false,
      "search_terms": [
        "kale",
        "vegetables",
        "lacinato",
        "produce",
        "org",
        "leafy greens",
        "calo"
      ],
      "upc": null,
      "processed_at": "2025-06-25T12:36:12.975314"
    },
    {
      "sku": "BALDOR_ZSALAD8A",
      "supplier_sku": "ZSALAD8A",
      "name": "KALE BABY GREEN 3 LB ORG",
      "category": "Produce/Vegetables/Leafy Greens",
      "brand": "Baldor",
      "supplier_id": "BALD001",
      "supplier_name": "Baldor Specialty Foods",
      "unit_size": "3 LB CTN",
      "unit_type": "case",
      "wholesale_price": 17.5,
      "retail_price": 17.5,
      "retail_unit_type": "lb",
      "retail_unit_size": "1",
      "retail_pack_size": "1",
      "retail_price_per_unit": 5.83,
      "retail_display": "$5.83/lb",
      "is_organic": true,
      "is_gluten_free": true,
      "is_vegan": true,
      "is_kosher": false,
      "is_non_gmo": false,
      "is_local": false,
      "is_imported": false,
      "search_terms": [
        "baby",
        "kale",
        "vegetables",
        "produce",
        "green",
        "org",
        "leafy greens"
      ],
      "upc": null,
      "processed_at": "2025-06-25T12:36:12.975320"
    },
    {
      "sku": "BALDOR_ZSW",
      "supplier_sku": "ZSW",
      "name": "SWISS CHARD GREEN 24 CT ORG",
      "category": "Produce/Other",
      "brand": "Baldor",
      "supplier_id": "BALD001",
      "supplier_name": "Baldor Specialty Foods",
      "unit_size": "24 CT CTN",
      "unit_type": "case",
      "wholesale_price": 46.25,
      "retail_price": 46.25,
      "retail_unit_type": "each",
      "retail_unit_size": "1",
      "retail_pack_size": "1",
      "retail_price_per_unit": 1.93,
      "retail_display": "$1.93/each",
      "is_organic": true,
      "is_gluten_free": true,
      "is_vegan": true,
      "is_kosher": false,
      "is_non_gmo": false,
      "is_local": false,
      "is_imported": false,
      "search_terms": [
        "other",
        "chard",
        "produce",
        "green",
        "org",
        "swiss"
      ],
      "upc": null,
      "processed_at": "2025-06-25T12:36:12.975329"
    },
    {
      "sku": "BALDOR_ZSW1",
      "supplier_sku": "ZSW1",
      "name": "SWISS CHARD RED 24 CT ORG",
      "category": "Produce/Other",
      "brand": "Baldor",
      "supplier_id": "BALD001",
      "supplier_name": "Baldor Specialty Foods",
      "unit_size": "24 CT CTN",
      "unit_type": "case",
      "wholesale_price": 56.75,
      "retail_price": 56.75,
      "retail_unit_type": "each",
      "retail_unit_size": "1",
      "retail_pack_size": "1",
      "retail_price_per_unit": 2.36,
      "retail_display": "$2.36/each",
      "is_organic": true,
      "is_gluten_free": true,
      "is_vegan": true,
      "is_kosher": false,
      "is_non_gmo": false,
      "is_local": false,
      "is_imported": false,
      "search_terms": [
        "other",
        "chard",
        "red",
        "produce",
        "org",
        "swiss"
      ],
      "upc": null,
      "processed_at": "2025-06-25T12:36:12.975338"
    },
    {
      "sku": "BALDOR_ZSW6",
      "supplier_sku": "ZSW6",
      "name": "SWISS CHARD RAINBOW 24 CT ORG",
      "category": "Produce/Other",
      "brand": "Baldor",
      "supplier_id": "BALD001",
      "supplier_name": "Baldor Specialty Foods",
      "unit_size": "24 CT CTN",
      "unit_type": "case",
      "wholesale_price": 45.5,
      "retail_price": 45.5,
      "retail_unit_type": "each",
      "retail_unit_size": "1",
      "retail_pack_size": "1",
      "retail_price_per_unit": 1.9,
      "retail_display": "$1.90/each",
      "is_organic": true,
      "is_gluten_free": true,
      "is_vegan": true,
      "is_kosher": false,
      "is_non_gmo": false,
      "is_local": false,
      "is_imported": false,
      "search_terms": [
        "rainbow",
        "other",
        "chard",
        "produce",
        "org",
        "swiss"
      ],
      "upc": null,
      "processed_at": "2025-06-25T12:36:12.975347"
    },
    {
      "sku": "BALDOR_ZLE3",
      "supplier_sku": "ZLE3",
      "name": "LEEKS LOOSE 20 LB ORG",
      "category": "Produce/Other",
      "brand": "Baldor",
      "supplier_id": "BALD001",
      "supplier_name": "Baldor Specialty Foods",
      "unit_size": "20 LB CTN",
      "unit_type": "case",
      "wholesale_price": 40.25,
      "retail_price": 40.25,
      "retail_unit_type": "lb",
      "retail_unit_size": "1",
      "retail_pack_size": "1",
      "retail_price_per_unit": 2.01,
      "retail_display": "$2.01/lb",
      "is_organic": true,
      "is_gluten_free": true,
      "is_vegan": true,
      "is_kosher": false,
      "is_non_gmo": false,
      "is_local": false,
      "is_imported": false,
      "search_terms": [
        "leeks",
        "loose",
        "other",
        "produce",
        "org"
      ],
      "upc": null,
      "processed_at": "2025-06-25T12:36:12.975355"
    }
  ]
}