{
  "supplier": {
    "id": "BALD001",
    "name": "Baldor Specialty Foods",
    "code": "baldor"
  },
  "processing_date": "2025-06-25T12:20:51.210490",
  "total_products": 32,
  "products": [
    {
      "sku": "BALDOR_30125",
      "supplier_sku": "30125",
      "name": "ASPARAGUS GREEN STANDARD",
      "category": "Produce/Vegetables/Asparagus",
      "brand": "Baldor",
      "supplier_id": "BALD001",
      "supplier_name": "Baldor Specialty Foods",
      "unit_size": "11LB CASE",
      "unit_type": "case",
      "wholesale_price": 38.5,
      "retail_price": 96.25,
      "retail_unit_type": "lb",
      "retail_unit_size": "1",
      "retail_pack_size": "1",
      "retail_price_per_unit": 8.75,
      "retail_display": "$8.75/lb",
      "is_organic": false,
      "is_gluten_free": true,
      "is_vegan": true,
      "is_kosher": false,
      "is_non_gmo": false,
      "search_terms": [
        "green",
        "standard",
        "produce",
        "vegetables",
        "asparagus"
      ],
      "upc": null,
      "processed_at": "2025-06-25T12:20:51.210002"
    },
    {
      "sku": "BALDOR_30126",
      "supplier_sku": "30126",
      "name": "ASPARAGUS GREEN ORGANIC",
      "category": "Produce/Vegetables/Asparagus",
      "brand": "Baldor",
      "supplier_id": "BALD001",
      "supplier_name": "Baldor Specialty Foods",
      "unit_size": "11LB CASE",
      "unit_type": "case",
      "wholesale_price": 52.0,
      "retail_price": 130.02,
      "retail_unit_type": "lb",
      "retail_unit_size": "1",
      "retail_pack_size": "1",
      "retail_price_per_unit": 11.82,
      "retail_display": "$11.82/lb",
      "is_organic": true,
      "is_gluten_free": true,
      "is_vegan": true,
      "is_kosher": false,
      "is_non_gmo": false,
      "search_terms": [
        "organic",
        "green",
        "produce",
        "vegetables",
        "asparagus"
      ],
      "upc": null,
      "processed_at": "2025-06-25T12:20:51.210027"
    },
    {
      "sku": "BALDOR_31210",
      "supplier_sku": "31210",
      "name": "BROCCOLI CROWNS",
      "category": "Produce/Vegetables/Brassicas",
      "brand": "Baldor",
      "supplier_id": "BALD001",
      "supplier_name": "Baldor Specialty Foods",
      "unit_size": "20LB CASE",
      "unit_type": "case",
      "wholesale_price": 42.0,
      "retail_price": 105.0,
      "retail_unit_type": "lb",
      "retail_unit_size": "1",
      "retail_pack_size": "1",
      "retail_price_per_unit": 5.25,
      "retail_display": "$5.25/lb",
      "is_organic": false,
      "is_gluten_free": true,
      "is_vegan": true,
      "is_kosher": false,
      "is_non_gmo": false,
      "search_terms": [
        "crowns",
        "broccoli",
        "produce",
        "brassicas",
        "vegetables"
      ],
      "upc": null,
      "processed_at": "2025-06-25T12:20:51.210038"
    },
    {
      "sku": "BALDOR_31215",
      "supplier_sku": "31215",
      "name": "BROCCOLI CROWNS ORGANIC",
      "category": "Produce/Vegetables/Brassicas",
      "brand": "Baldor",
      "supplier_id": "BALD001",
      "supplier_name": "Baldor Specialty Foods",
      "unit_size": "20LB CASE",
      "unit_type": "case",
      "wholesale_price": 58.0,
      "retail_price": 145.0,
      "retail_unit_type": "lb",
      "retail_unit_size": "1",
      "retail_pack_size": "1",
      "retail_price_per_unit": 7.25,
      "retail_display": "$7.25/lb",
      "is_organic": true,
      "is_gluten_free": true,
      "is_vegan": true,
      "is_kosher": false,
      "is_non_gmo": false,
      "search_terms": [
        "organic",
        "crowns",
        "broccoli",
        "produce",
        "brassicas",
        "vegetables"
      ],
      "upc": null,
      "processed_at": "2025-06-25T12:20:51.210051"
    },
    {
      "sku": "BALDOR_32100",
      "supplier_sku": "32100",
      "name": "CARROTS JUMBO",
      "category": "Produce/Vegetables/Root Vegetables",
      "brand": "Baldor",
      "supplier_id": "BALD001",
      "supplier_name": "Baldor Specialty Foods",
      "unit_size": "50LB BAG",
      "unit_type": "case",
      "wholesale_price": 28.0,
      "retail_price": 3500.0,
      "retail_unit_type": "bag",
      "retail_unit_size": "50lb",
      "retail_pack_size": "1",
      "retail_price_per_unit": 70.0,
      "retail_display": "$70.00/bag",
      "is_organic": false,
      "is_gluten_free": true,
      "is_vegan": true,
      "is_kosher": false,
      "is_non_gmo": false,
      "search_terms": [
        "jumbo",
        "carrots",
        "produce",
        "vegetables",
        "root vegetables"
      ],
      "upc": null,
      "processed_at": "2025-06-25T12:20:51.210062"
    },
    {
      "sku": "BALDOR_32105",
      "supplier_sku": "32105",
      "name": "CARROTS BABY PEELED",
      "category": "Produce/Vegetables/Root Vegetables",
      "brand": "Baldor",
      "supplier_id": "BALD001",
      "supplier_name": "Baldor Specialty Foods",
      "unit_size": "30/1LB CASE",
      "unit_type": "case",
      "wholesale_price": 36.0,
      "retail_price": 2700.0,
      "retail_unit_type": "lb",
      "retail_unit_size": "1",
      "retail_pack_size": "1",
      "retail_price_per_unit": 90.0,
      "retail_display": "$90.00/lb",
      "is_organic": false,
      "is_gluten_free": true,
      "is_vegan": true,
      "is_kosher": false,
      "is_non_gmo": false,
      "search_terms": [
        "peeled",
        "baby",
        "carrots",
        "produce",
        "vegetables",
        "root vegetables"
      ],
      "upc": null,
      "processed_at": "2025-06-25T12:20:51.210072"
    },
    {
      "sku": "BALDOR_33200",
      "supplier_sku": "33200",
      "name": "KALE GREEN CURLY",
      "category": "Produce/Vegetables/Leafy Greens",
      "brand": "Baldor",
      "supplier_id": "BALD001",
      "supplier_name": "Baldor Specialty Foods",
      "unit_size": "24BU CASE",
      "unit_type": "case",
      "wholesale_price": 48.0,
      "retail_price": 120.0,
      "retail_unit_type": "bunch",
      "retail_unit_size": "1",
      "retail_pack_size": "1",
      "retail_price_per_unit": 5.0,
      "retail_display": "$5.00/bunch",
      "is_organic": false,
      "is_gluten_free": true,
      "is_vegan": true,
      "is_kosher": false,
      "is_non_gmo": false,
      "search_terms": [
        "curly",
        "leafy greens",
        "kale",
        "green",
        "produce",
        "vegetables"
      ],
      "upc": null,
      "processed_at": "2025-06-25T12:20:51.210158"
    },
    {
      "sku": "BALDOR_33205",
      "supplier_sku": "33205",
      "name": "KALE LACINATO ORGANIC",
      "category": "Produce/Vegetables/Leafy Greens",
      "brand": "Baldor",
      "supplier_id": "BALD001",
      "supplier_name": "Baldor Specialty Foods",
      "unit_size": "24BU CASE",
      "unit_type": "case",
      "wholesale_price": 56.0,
      "retail_price": 139.92,
      "retail_unit_type": "bunch",
      "retail_unit_size": "1",
      "retail_pack_size": "1",
      "retail_price_per_unit": 5.83,
      "retail_display": "$5.83/bunch",
      "is_organic": true,
      "is_gluten_free": true,
      "is_vegan": true,
      "is_kosher": false,
      "is_non_gmo": false,
      "search_terms": [
        "leafy greens",
        "kale",
        "organic",
        "produce",
        "vegetables",
        "lacinato"
      ],
      "upc": null,
      "processed_at": "2025-06-25T12:20:51.210176"
    },
    {
      "sku": "BALDOR_34100",
      "supplier_sku": "34100",
      "name": "LETTUCE ROMAINE",
      "category": "Produce/Vegetables/Lettuce",
      "brand": "Baldor",
      "supplier_id": "BALD001",
      "supplier_name": "Baldor Specialty Foods",
      "unit_size": "24HD CASE",
      "unit_type": "case",
      "wholesale_price": 36.0,
      "retail_price": 2160.0,
      "retail_unit_type": "each",
      "retail_unit_size": "1",
      "retail_pack_size": "1",
      "retail_price_per_unit": 90.0,
      "retail_display": "$90.00/each",
      "is_organic": false,
      "is_gluten_free": true,
      "is_vegan": true,
      "is_kosher": false,
      "is_non_gmo": false,
      "search_terms": [
        "romaine",
        "produce",
        "vegetables",
        "lettuce"
      ],
      "upc": null,
      "processed_at": "2025-06-25T12:20:51.210211"
    },
    {
      "sku": "BALDOR_34150",
      "supplier_sku": "34150",
      "name": "LETTUCE SPRING MIX ORGANIC",
      "category": "Produce/Vegetables/Lettuce",
      "brand": "Baldor",
      "supplier_id": "BALD001",
      "supplier_name": "Baldor Specialty Foods",
      "unit_size": "8/5OZ CASE",
      "unit_type": "case",
      "wholesale_price": 42.0,
      "retail_price": 840.0,
      "retail_unit_type": "each",
      "retail_unit_size": "1",
      "retail_pack_size": "1",
      "retail_price_per_unit": 105.0,
      "retail_display": "$105.00/each",
      "is_organic": true,
      "is_gluten_free": true,
      "is_vegan": true,
      "is_kosher": false,
      "is_non_gmo": false,
      "search_terms": [
        "spring",
        "lettuce",
        "organic",
        "mix",
        "produce",
        "vegetables"
      ],
      "upc": null,
      "processed_at": "2025-06-25T12:20:51.210221"
    },
    {
      "sku": "BALDOR_20350",
      "supplier_sku": "20350",
      "name": "APPLES GALA FANCY",
      "category": "Produce/Fruit/Apples",
      "brand": "Baldor",
      "supplier_id": "BALD001",
      "supplier_name": "Baldor Specialty Foods",
      "unit_size": "88CT CASE",
      "unit_type": "case",
      "wholesale_price": 45.0,
      "retail_price": 112.64,
      "retail_unit_type": "each",
      "retail_unit_size": "1",
      "retail_pack_size": "1",
      "retail_price_per_unit": 1.28,
      "retail_display": "$1.28/each",
      "is_organic": false,
      "is_gluten_free": true,
      "is_vegan": true,
      "is_kosher": false,
      "is_non_gmo": false,
      "search_terms": [
        "apples",
        "fancy",
        "fruit",
        "produce",
        "gala"
      ],
      "upc": null,
      "processed_at": "2025-06-25T12:20:51.210230"
    },
    {
      "sku": "BALDOR_20351",
      "supplier_sku": "20351",
      "name": "APPLES GALA ORGANIC",
      "category": "Produce/Fruit/Apples",
      "brand": "Baldor",
      "supplier_id": "BALD001",
      "supplier_name": "Baldor Specialty Foods",
      "unit_size": "88CT CASE",
      "unit_type": "case",
      "wholesale_price": 65.0,
      "retail_price": 162.8,
      "retail_unit_type": "each",
      "retail_unit_size": "1",
      "retail_pack_size": "1",
      "retail_price_per_unit": 1.85,
      "retail_display": "$1.85/each",
      "is_organic": true,
      "is_gluten_free": true,
      "is_vegan": true,
      "is_kosher": false,
      "is_non_gmo": false,
      "search_terms": [
        "apples",
        "organic",
        "fruit",
        "produce",
        "gala"
      ],
      "upc": null,
      "processed_at": "2025-06-25T12:20:51.210237"
    },
    {
      "sku": "BALDOR_20400",
      "supplier_sku": "20400",
      "name": "APPLES HONEYCRISP",
      "category": "Produce/Fruit/Apples",
      "brand": "Baldor",
      "supplier_id": "BALD001",
      "supplier_name": "Baldor Specialty Foods",
      "unit_size": "64CT CASE",
      "unit_type": "case",
      "wholesale_price": 85.0,
      "retail_price": 212.48,
      "retail_unit_type": "each",
      "retail_unit_size": "1",
      "retail_pack_size": "1",
      "retail_price_per_unit": 3.32,
      "retail_display": "$3.32/each",
      "is_organic": false,
      "is_gluten_free": true,
      "is_vegan": true,
      "is_kosher": false,
      "is_non_gmo": false,
      "search_terms": [
        "apples",
        "fruit",
        "produce",
        "honeycrisp"
      ],
      "upc": null,
      "processed_at": "2025-06-25T12:20:51.210246"
    },
    {
      "sku": "BALDOR_21100",
      "supplier_sku": "21100",
      "name": "BANANAS YELLOW",
      "category": "Produce/Fruit/Tropical",
      "brand": "Baldor",
      "supplier_id": "BALD001",
      "supplier_name": "Baldor Specialty Foods",
      "unit_size": "40LB CASE",
      "unit_type": "case",
      "wholesale_price": 32.0,
      "retail_price": 80.0,
      "retail_unit_type": "lb",
      "retail_unit_size": "1",
      "retail_pack_size": "1",
      "retail_price_per_unit": 2.0,
      "retail_display": "$2.00/lb",
      "is_organic": false,
      "is_gluten_free": true,
      "is_vegan": true,
      "is_kosher": false,
      "is_non_gmo": false,
      "search_terms": [
        "bananas",
        "fruit",
        "tropical",
        "produce",
        "yellow"
      ],
      "upc": null,
      "processed_at": "2025-06-25T12:20:51.210254"
    },
    {
      "sku": "BALDOR_21105",
      "supplier_sku": "21105",
      "name": "BANANAS ORGANIC",
      "category": "Produce/Fruit/Tropical",
      "brand": "Baldor",
      "supplier_id": "BALD001",
      "supplier_name": "Baldor Specialty Foods",
      "unit_size": "40LB CASE",
      "unit_type": "case",
      "wholesale_price": 38.0,
      "retail_price": 95.2,
      "retail_unit_type": "lb",
      "retail_unit_size": "1",
      "retail_pack_size": "1",
      "retail_price_per_unit": 2.38,
      "retail_display": "$2.38/lb",
      "is_organic": true,
      "is_gluten_free": true,
      "is_vegan": true,
      "is_kosher": false,
      "is_non_gmo": false,
      "search_terms": [
        "bananas",
        "organic",
        "fruit",
        "tropical",
        "produce"
      ],
      "upc": null,
      "processed_at": "2025-06-25T12:20:51.210262"
    },
    {
      "sku": "BALDOR_22200",
      "supplier_sku": "22200",
      "name": "BERRIES BLUEBERRY",
      "category": "Produce/Fruit/Berries",
      "brand": "Baldor",
      "supplier_id": "BALD001",
      "supplier_name": "Baldor Specialty Foods",
      "unit_size": "12/6OZ CASE",
      "unit_type": "case",
      "wholesale_price": 48.0,
      "retail_price": 1440.0,
      "retail_unit_type": "each",
      "retail_unit_size": "1",
      "retail_pack_size": "1",
      "retail_price_per_unit": 120.0,
      "retail_display": "$120.00/each",
      "is_organic": false,
      "is_gluten_free": true,
      "is_vegan": true,
      "is_kosher": false,
      "is_non_gmo": false,
      "search_terms": [
        "fruit",
        "produce",
        "blueberry",
        "berries"
      ],
      "upc": null,
      "processed_at": "2025-06-25T12:20:51.210270"
    },
    {
      "sku": "BALDOR_22205",
      "supplier_sku": "22205",
      "name": "BERRIES RASPBERRY ORGANIC",
      "category": "Produce/Fruit/Berries",
      "brand": "Baldor",
      "supplier_id": "BALD001",
      "supplier_name": "Baldor Specialty Foods",
      "unit_size": "12/6OZ CASE",
      "unit_type": "case",
      "wholesale_price": 64.0,
      "retail_price": 1920.0,
      "retail_unit_type": "each",
      "retail_unit_size": "1",
      "retail_pack_size": "1",
      "retail_price_per_unit": 160.0,
      "retail_display": "$160.00/each",
      "is_organic": true,
      "is_gluten_free": true,
      "is_vegan": true,
      "is_kosher": false,
      "is_non_gmo": false,
      "search_terms": [
        "organic",
        "berries",
        "fruit",
        "produce",
        "raspberry"
      ],
      "upc": null,
      "processed_at": "2025-06-25T12:20:51.210278"
    },
    {
      "sku": "BALDOR_22210",
      "supplier_sku": "22210",
      "name": "BERRIES STRAWBERRY",
      "category": "Produce/Fruit/Berries",
      "brand": "Baldor",
      "supplier_id": "BALD001",
      "supplier_name": "Baldor Specialty Foods",
      "unit_size": "8/1LB CASE",
      "unit_type": "case",
      "wholesale_price": 56.0,
      "retail_price": 1120.0,
      "retail_unit_type": "lb",
      "retail_unit_size": "1",
      "retail_pack_size": "1",
      "retail_price_per_unit": 140.0,
      "retail_display": "$140.00/lb",
      "is_organic": false,
      "is_gluten_free": true,
      "is_vegan": true,
      "is_kosher": false,
      "is_non_gmo": false,
      "search_terms": [
        "fruit",
        "produce",
        "strawberry",
        "berries"
      ],
      "upc": null,
      "processed_at": "2025-06-25T12:20:51.210285"
    },
    {
      "sku": "BALDOR_23100",
      "supplier_sku": "23100",
      "name": "CITRUS LEMON",
      "category": "Produce/Fruit/Citrus",
      "brand": "Baldor",
      "supplier_id": "BALD001",
      "supplier_name": "Baldor Specialty Foods",
      "unit_size": "165CT CASE",
      "unit_type": "case",
      "wholesale_price": 65.0,
      "retail_price": 161.7,
      "retail_unit_type": "each",
      "retail_unit_size": "1",
      "retail_pack_size": "1",
      "retail_price_per_unit": 0.98,
      "retail_display": "$0.98/each",
      "is_organic": false,
      "is_gluten_free": true,
      "is_vegan": true,
      "is_kosher": false,
      "is_non_gmo": false,
      "search_terms": [
        "fruit",
        "lemon",
        "produce",
        "citrus"
      ],
      "upc": null,
      "processed_at": "2025-06-25T12:20:51.210293"
    },
    {
      "sku": "BALDOR_23150",
      "supplier_sku": "23150",
      "name": "CITRUS ORANGE NAVEL",
      "category": "Produce/Fruit/Citrus",
      "brand": "Baldor",
      "supplier_id": "BALD001",
      "supplier_name": "Baldor Specialty Foods",
      "unit_size": "88CT CASE",
      "unit_type": "case",
      "wholesale_price": 52.0,
      "retail_price": 130.24,
      "retail_unit_type": "each",
      "retail_unit_size": "1",
      "retail_pack_size": "1",
      "retail_price_per_unit": 1.48,
      "retail_display": "$1.48/each",
      "is_organic": false,
      "is_gluten_free": true,
      "is_vegan": true,
      "is_kosher": false,
      "is_non_gmo": false,
      "search_terms": [
        "fruit",
        "produce",
        "navel",
        "citrus",
        "orange"
      ],
      "upc": null,
      "processed_at": "2025-06-25T12:20:51.210300"
    },
    {
      "sku": "BALDOR_40100",
      "supplier_sku": "40100",
      "name": "HERBS BASIL FRESH",
      "category": "Produce/Herbs/Fresh Herbs",
      "brand": "Baldor",
      "supplier_id": "BALD001",
      "supplier_name": "Baldor Specialty Foods",
      "unit_size": "1LB BAG",
      "unit_type": "case",
      "wholesale_price": 18.0,
      "retail_price": 45.0,
      "retail_unit_type": "bag",
      "retail_unit_size": "1lb",
      "retail_pack_size": "1",
      "retail_price_per_unit": 45.0,
      "retail_display": "$45.00/bag",
      "is_organic": false,
      "is_gluten_free": true,
      "is_vegan": true,
      "is_kosher": false,
      "is_non_gmo": false,
      "search_terms": [
        "fresh herbs",
        "herbs",
        "basil",
        "produce",
        "fresh"
      ],
      "upc": null,
      "processed_at": "2025-06-25T12:20:51.210308"
    },
    {
      "sku": "BALDOR_40105",
      "supplier_sku": "40105",
      "name": "HERBS CILANTRO",
      "category": "Produce/Herbs/Fresh Herbs",
      "brand": "Baldor",
      "supplier_id": "BALD001",
      "supplier_name": "Baldor Specialty Foods",
      "unit_size": "30BU CASE",
      "unit_type": "case",
      "wholesale_price": 28.0,
      "retail_price": 69.9,
      "retail_unit_type": "bunch",
      "retail_unit_size": "1",
      "retail_pack_size": "1",
      "retail_price_per_unit": 2.33,
      "retail_display": "$2.33/bunch",
      "is_organic": false,
      "is_gluten_free": true,
      "is_vegan": true,
      "is_kosher": false,
      "is_non_gmo": false,
      "search_terms": [
        "produce",
        "herbs",
        "cilantro",
        "fresh herbs"
      ],
      "upc": null,
      "processed_at": "2025-06-25T12:20:51.210317"
    },
    {
      "sku": "BALDOR_40110",
      "supplier_sku": "40110",
      "name": "HERBS PARSLEY ITALIAN",
      "category": "Produce/Herbs/Fresh Herbs",
      "brand": "Baldor",
      "supplier_id": "BALD001",
      "supplier_name": "Baldor Specialty Foods",
      "unit_size": "30BU CASE",
      "unit_type": "case",
      "wholesale_price": 32.0,
      "retail_price": 80.1,
      "retail_unit_type": "bunch",
      "retail_unit_size": "1",
      "retail_pack_size": "1",
      "retail_price_per_unit": 2.67,
      "retail_display": "$2.67/bunch",
      "is_organic": false,
      "is_gluten_free": true,
      "is_vegan": true,
      "is_kosher": false,
      "is_non_gmo": false,
      "search_terms": [
        "italian",
        "fresh herbs",
        "herbs",
        "produce",
        "parsley"
      ],
      "upc": null,
      "processed_at": "2025-06-25T12:20:51.210325"
    },
    {
      "sku": "BALDOR_40115",
      "supplier_sku": "40115",
      "name": "HERBS ROSEMARY FRESH",
      "category": "Produce/Herbs/Fresh Herbs",
      "brand": "Baldor",
      "supplier_id": "BALD001",
      "supplier_name": "Baldor Specialty Foods",
      "unit_size": "1LB BAG",
      "unit_type": "case",
      "wholesale_price": 22.0,
      "retail_price": 55.0,
      "retail_unit_type": "bag",
      "retail_unit_size": "1lb",
      "retail_pack_size": "1",
      "retail_price_per_unit": 55.0,
      "retail_display": "$55.00/bag",
      "is_organic": false,
      "is_gluten_free": true,
      "is_vegan": true,
      "is_kosher": false,
      "is_non_gmo": false,
      "search_terms": [
        "fresh herbs",
        "herbs",
        "rosemary",
        "produce",
        "fresh"
      ],
      "upc": null,
      "processed_at": "2025-06-25T12:20:51.210332"
    },
    {
      "sku": "BALDOR_35100",
      "supplier_sku": "35100",
      "name": "TOMATOES BEEFSTEAK",
      "category": "Produce/Vegetables/Tomatoes",
      "brand": "Baldor",
      "supplier_id": "BALD001",
      "supplier_name": "Baldor Specialty Foods",
      "unit_size": "25LB CASE",
      "unit_type": "case",
      "wholesale_price": 38.0,
      "retail_price": 95.0,
      "retail_unit_type": "lb",
      "retail_unit_size": "1",
      "retail_pack_size": "1",
      "retail_price_per_unit": 3.8,
      "retail_display": "$3.80/lb",
      "is_organic": false,
      "is_gluten_free": true,
      "is_vegan": true,
      "is_kosher": false,
      "is_non_gmo": false,
      "search_terms": [
        "vegetables",
        "tomatoes",
        "produce",
        "beefsteak"
      ],
      "upc": null,
      "processed_at": "2025-06-25T12:20:51.210340"
    },
    {
      "sku": "BALDOR_35105",
      "supplier_sku": "35105",
      "name": "TOMATOES HEIRLOOM MIXED",
      "category": "Produce/Vegetables/Tomatoes",
      "brand": "Baldor",
      "supplier_id": "BALD001",
      "supplier_name": "Baldor Specialty Foods",
      "unit_size": "10LB CASE",
      "unit_type": "case",
      "wholesale_price": 48.0,
      "retail_price": 120.0,
      "retail_unit_type": "lb",
      "retail_unit_size": "1",
      "retail_pack_size": "1",
      "retail_price_per_unit": 12.0,
      "retail_display": "$12.00/lb",
      "is_organic": false,
      "is_gluten_free": true,
      "is_vegan": true,
      "is_kosher": false,
      "is_non_gmo": false,
      "search_terms": [
        "mixed",
        "tomatoes",
        "produce",
        "heirloom",
        "vegetables"
      ],
      "upc": null,
      "processed_at": "2025-06-25T12:20:51.210348"
    },
    {
      "sku": "BALDOR_35110",
      "supplier_sku": "35110",
      "name": "TOMATOES CHERRY",
      "category": "Produce/Vegetables/Tomatoes",
      "brand": "Baldor",
      "supplier_id": "BALD001",
      "supplier_name": "Baldor Specialty Foods",
      "unit_size": "12/1PT CASE",
      "unit_type": "case",
      "wholesale_price": 36.0,
      "retail_price": 1080.0,
      "retail_unit_type": "each",
      "retail_unit_size": "1",
      "retail_pack_size": "1",
      "retail_price_per_unit": 90.0,
      "retail_display": "$90.00/each",
      "is_organic": false,
      "is_gluten_free": true,
      "is_vegan": true,
      "is_kosher": false,
      "is_non_gmo": false,
      "search_terms": [
        "tomatoes",
        "vegetables",
        "cherry",
        "produce"
      ],
      "upc": null,
      "processed_at": "2025-06-25T12:20:51.210382"
    },
    {
      "sku": "BALDOR_35115",
      "supplier_sku": "35115",
      "name": "TOMATOES ROMA ORGANIC",
      "category": "Produce/Vegetables/Tomatoes",
      "brand": "Baldor",
      "supplier_id": "BALD001",
      "supplier_name": "Baldor Specialty Foods",
      "unit_size": "25LB CASE",
      "unit_type": "case",
      "wholesale_price": 42.0,
      "retail_price": 105.0,
      "retail_unit_type": "lb",
      "retail_unit_size": "1",
      "retail_pack_size": "1",
      "retail_price_per_unit": 4.2,
      "retail_display": "$4.20/lb",
      "is_organic": true,
      "is_gluten_free": true,
      "is_vegan": true,
      "is_kosher": false,
      "is_non_gmo": false,
      "search_terms": [
        "organic",
        "tomatoes",
        "roma",
        "produce",
        "vegetables"
      ],
      "upc": null,
      "processed_at": "2025-06-25T12:20:51.210390"
    },
    {
      "sku": "BALDOR_36100",
      "supplier_sku": "36100",
      "name": "POTATOES RUSSET 90CT",
      "category": "Produce/Vegetables/Potatoes",
      "brand": "Baldor",
      "supplier_id": "BALD001",
      "supplier_name": "Baldor Specialty Foods",
      "unit_size": "50LB CASE",
      "unit_type": "case",
      "wholesale_price": 28.0,
      "retail_price": 70.0,
      "retail_unit_type": "lb",
      "retail_unit_size": "1",
      "retail_pack_size": "1",
      "retail_price_per_unit": 1.4,
      "retail_display": "$1.40/lb",
      "is_organic": false,
      "is_gluten_free": true,
      "is_vegan": true,
      "is_kosher": false,
      "is_non_gmo": false,
      "search_terms": [
        "potatoes",
        "90ct",
        "produce",
        "russet",
        "vegetables"
      ],
      "upc": null,
      "processed_at": "2025-06-25T12:20:51.210397"
    },
    {
      "sku": "BALDOR_36105",
      "supplier_sku": "36105",
      "name": "POTATOES YUKON GOLD",
      "category": "Produce/Vegetables/Potatoes",
      "brand": "Baldor",
      "supplier_id": "BALD001",
      "supplier_name": "Baldor Specialty Foods",
      "unit_size": "50LB CASE",
      "unit_type": "case",
      "wholesale_price": 38.0,
      "retail_price": 95.0,
      "retail_unit_type": "lb",
      "retail_unit_size": "1",
      "retail_pack_size": "1",
      "retail_price_per_unit": 1.9,
      "retail_display": "$1.90/lb",
      "is_organic": false,
      "is_gluten_free": true,
      "is_vegan": true,
      "is_kosher": false,
      "is_non_gmo": false,
      "search_terms": [
        "potatoes",
        "produce",
        "gold",
        "yukon",
        "vegetables"
      ],
      "upc": null,
      "processed_at": "2025-06-25T12:20:51.210405"
    },
    {
      "sku": "BALDOR_36200",
      "supplier_sku": "36200",
      "name": "ONIONS YELLOW JUMBO",
      "category": "Produce/Vegetables/Onions",
      "brand": "Baldor",
      "supplier_id": "BALD001",
      "supplier_name": "Baldor Specialty Foods",
      "unit_size": "50LB BAG",
      "unit_type": "case",
      "wholesale_price": 24.0,
      "retail_price": 3000.0,
      "retail_unit_type": "bag",
      "retail_unit_size": "50lb",
      "retail_pack_size": "1",
      "retail_price_per_unit": 60.0,
      "retail_display": "$60.00/bag",
      "is_organic": false,
      "is_gluten_free": true,
      "is_vegan": true,
      "is_kosher": false,
      "is_non_gmo": false,
      "search_terms": [
        "onions",
        "jumbo",
        "produce",
        "yellow",
        "vegetables"
      ],
      "upc": null,
      "processed_at": "2025-06-25T12:20:51.210414"
    },
    {
      "sku": "BALDOR_36205",
      "supplier_sku": "36205",
      "name": "ONIONS RED",
      "category": "Produce/Vegetables/Onions",
      "brand": "Baldor",
      "supplier_id": "BALD001",
      "supplier_name": "Baldor Specialty Foods",
      "unit_size": "25LB BAG",
      "unit_type": "case",
      "wholesale_price": 28.0,
      "retail_price": 1750.0,
      "retail_unit_type": "bag",
      "retail_unit_size": "25lb",
      "retail_pack_size": "1",
      "retail_price_per_unit": 70.0,
      "retail_display": "$70.00/bag",
      "is_organic": false,
      "is_gluten_free": true,
      "is_vegan": true,
      "is_kosher": false,
      "is_non_gmo": false,
      "search_terms": [
        "onions",
        "vegetables",
        "produce",
        "red"
      ],
      "upc": null,
      "processed_at": "2025-06-25T12:20:51.210421"
    }
  ]
}